2548 3950
354 196 481 261 3ιο
694 194 921 258 LIBER
936 179 1241 288 xxxvii
1289 193 1456 254 CAP.
1478 201 1566 255 54.
1595 200 1670 267 sa.
1697 198 1768 254 ιι.
1789 212 1840 251 e.
1863 198 1990 266 ⁵53}

356 348 525 415 ducti
550 347 777 411 Rhodii
803 354 962 409 sunt.
1002 363 1269 424 quorum
1296 344 1587 423 princeps
1616 344 1973 422 legationis,
2014 350 2337 425 expositis

352 432 545 497 initiis
576 432 873 495 amicitiae
914 447 1052 491 cum
1090 432 1326 507 populo
1353 432 1645 495 Romano
1661 432 2020 508 meritisque
2043 432 2336 496 Rhodio-

353 534 493 580 rum
516 516 778 593 Philippi
808 516 1013 593 priuS,
1058 514 1284 575 deinde
1302 512 1594 577 Antiochi
1629 514 1824 589 bello,
1866 515 2074 590 „nihil‘
2057 520 2114 555 ‘·‘
2107 516 2338 593 inquit

353 648 393 682 „
376 600 575 677 ,nobis
606 606 733 662 tota
764 607 977 661 nostra
1000 598 1274 672 actione,
1321 604 1546 681 patres
1561 599 1925 675 conscripti,
1967 615 2180 675 neque
2211 601 2334 663 dif-

355 685 576 748 ficilius
627 700 831 759 neque
880 682 1197 746 molestius
1238 689 1363 753 εει,
1417 696 1602 758 quam
1643 683 1816 757 quod
1865 698 2004 745 cum
2047 684 2335 745 Eumene

354 768 537 831 nobis
568 767 931 841 disceptatio
962 773 1086 840 est,
1118 781 1259 827 cum
1290 782 1414 841 quo
1436 771 1562 829 uno
1585 764 1850 827 maxime
1871 782 2090 841 regum
2112 776 2181 829 et
2203 769 2334 843 pri·

354 852 542 913 vatim
572 850 829 927 singulis
848 896 865 921 ,
895 856 957 911 et
986 850 1157 925 quod
1183 850 1382 926 magis
1411 866 1527 911 nos
1557 857 1790 925 movet,
1834 850 2147 926 publicum
2179 850 2334 913 civi·

356 936 462 999 tati
511 941 761 996 nostrae
810 933 1145 1011 hospitium
1194 941 1307 995 est.
1382 940 1664 996 ceterum·
1700 949 1826 995 non
1873 934 2060 999 animi
2107 936 2334 1010 nostri,

354 1028 563 1097 patres
592 1017 957 1095 conscripti,
999 1032 1147 1090 noa,
1178 1017 1293 1077 sed
1320 1033 1522 1080 rerum
1549 1024 1794 1091 natura,
1839 1028 2002 1093 quae
2027 1020 2335 1093 potentis-

357 1104 518 1165 sima
540 1110 667 1176 est,
714 1100 1034 1177 disiungit,
1078 1108 1147 1162 ut
1172 1116 1292 1161 nos
1319 1101 1494 1163 liberi
1522 1101 1702 1163 etiam
1734 1101 1994 1164 aliorum
2025 1101 2332 1164 libertatis

358 1202 609 1256 causam
638 1201 923 1261 agamuS,
966 1199 1147 1259 reges
1191 1199 1374 1245 serva
1415 1186 1620 1245 omnia
1656 1191 1720 1245 et
1761 1184 2039 1247 subiecta
2053 1185 2333 1261 imperio

358 1286 475 1331 suo
494 1282 651 1345 *esse
679 1269 886 1331 velint.
958 1274 1290 1344 utcumque
1323 1275 1525 1329 tamen
1565 1284 1668 1329 res
1697 1284 1844 1329 sese
1871 1269 2086 1343 habet,
2129 1270 2331 1346 magis

356 1354 731 1415 verecundia
773 1359 986 1415 nostra
1026 1353 1330 1414 adversus
1369 1367 1578 1427 regem
1625 1352 1809 1415 nobis
1855 1353 2090 1426 obstat,
2143 1369 2333 1427 quam

356 1438 495 1513 ipsa
537 1436 901 1513 disceptatio
938 1443 1043 1497 aut
1079 1436 1257 1497 nobis
1302 1434 1594 1510 impedita
1631 1444 1757 1509 est,
1811 1443 1915 1499 aut
1961 1436 2143 1497 vobis
2187 1452 2331 1512 per·

358 1524 607 1600 plexam
635 1519 1133 1583 deliberationem
1174 1519 1526 1594 praebitura
1566 1520 1826 1581 videtur.
1882 1534 2024 1579 nam
2057 1520 2116 1579 si
2155 1521 2333 1581 aliter

359 1606 532 1665 socio
578 1612 765 1679 atque
806 1602 1002 1666 amico
1045 1604 1172 1679 regi
1202 1610 1263 1665 et
1299 1603 1460 1664 bene
1485 1605 1700 1665 merito
1729 1603 1852 1668 hoc
1879 1604 2022 1677 ipso
2051 1603 2114 1663 iu
2143 1603 2330 1679 bello,

360 1689 437 1748 de
468 1689 642 1770 cuius
678 1687 961 1763 praemiis
990 1686 1205 1761 agitur,
1235 1686 1438 1749 honos
1467 1687 1682 1748 haberi
1703 1688 1906 1750 nullus
1936 1694 2174 1762 posset,
2209 1685 2332 1750 nisi

360 1771 585 1834 liberas
615 1769 889 1833 civitates
919 1771 976 1829 ei
1004 1771 1063 1831 in
1094 1770 1446 1843 servitutem
1489 1772 1810 1835 traderetis
1823 1816 1844 1843 ,
1883 1778 2061 1835 esset
2095 1769 2333 1831 delibe-

357 1854 513 1915 ratio
544 1870 808 1929 anceps,
838 1868 917 1915 ue
944 1862 1049 1917 aut
1076 1869 1288 1929 regem
1316 1854 1578 1917 amicum
1605 1852 2034 1917 inhonoratum
2065 1852 2328 1917 dimitte-

358 1938 526 2012 retis,
562 1945 667 2000 aut
694 1936 1077 2000 decederetis
1106 1935 1380 2000 instituto
1411 1945 1618 1999 vestro
1650 1937 2035 2015 gloriamque
2062 1936 2330 2014 Philippi

361 2023 523 2084 bello
559 2029 791 2098 partam
830 2038 994 2083 nunc
1036 2020 1344 2084 servitute
1371 2029 1462 2083 tot
1503 2021 1835 2085 civitatium
1879 2021 2328 2086 deformaretis.

360 2106 475 2166 sed
505 2107 581 2166 ab
612 2106 729 2164 hac
758 2106 1126 2166 necessitate
1154 2112 1261 2166 aut
1287 2106 1520 2180 gratiae
1557 2105 1618 2164 in
1663 2107 1926 2168 amicum
1957 2105 2330 2184 minuendae

360 2195 465 2250 aut
492 2191 727 2264 gloriae
751 2195 997 2249 vestrae
1024 2189 1273 2265 egregie
1301 2204 1416 2250 vos
1447 2188 1690 2250 fortuna
1711 2190 1994 2251 vindicat.
2039 2197 2145 2251 est.
2165 2187 2332 2248 enim

362 2273 546 2336 deum
575 2271 951 2348 benignitate
979 2289 1101 2334 non
1132 2273 1406 2348 gloriosa
1431 2273 1628 2348 magis
1655 2290 1840 2348 quam
1865 2273 2042 2336 dives
2069 2273 2334 2333 victoria

359 2365 599 2426 vestra3
653 2373 813 2432 quae
861 2373 976 2418 vos
1020 2357 1198 2416 facile
1236 2356 1357 2417 isto
1397 2357 1568 2416 velut
1605 2371 1753 2416 aere
1791 2355 1991 2418 alieno
2023 2357 2330 2416 exsolvat.

360 2457 502 2501 nam
532 2448 591 2501 et
614 2439 935 2518 Lycaonia
972 2447 1034 2500 et
1057 2438 1328 2518 Phrygia
1364 2447 1624 2515 utraque
1665 2448 1730 2503 et
1753 2439 1986 2501 Pisidia
2023 2438 2227 2501 omnis
2271 2445 2336 2500 et

362 2523 787 2586 Chersonesus
802 2570 817 2596 ,
872 2539 1159 2599 quaeque
1204 2520 1635 2585 circumiacent
1660 2524 1980 2598 Europae,
2018 2521 2082 2583 iu
2120 2529 2334 2583 vestra

360 2616 505 2670 sunt
530 2615 866 2684 potestate;
911 2623 1169 2682 quarum
1198 2623 1322 2667 una
1352 2607 1660 2683 quaelibet
1687 2607 1820 2682 regi
1861 2606 2104 2668 adiecta
2129 2605 2330 2666 multi—

359 2691 590 2768 plicare
618 2706 872 2764 regnum
899 2691 1189 2753 Eumenis
1220 2697 1455 2765 potest,
1499 2706 1716 2752 omnes
1747 2706 1894 2752 vero
1925 2690 2108 2753 datae
2135 2690 2331 2748 maxi-

358 2773 475 2837 mis
520 2789 657 2834 eum
699 2773 951 2848 regibus
991 2789 1282 2850 aequare.
1348 2773 1492 2834 licet
1531 2789 1680 2848 ergo
1723 2773 1903 2834 vobis
1947 2779 2010 2836 et
2035 2772 2330 2848 praemiis

356 2857 505 2926 belli
547 2857 739 2918 ditare
780 2856 1019 2932 socioS,
1070 2865 1133 2918 et
1169 2873 1296 2917 non
1338 2857 1640 2920 decedere
1669 2857 1944 2920 instituto
1969 2861 2214 2929 vestro,
2272 2865 2334 2918 et

357 2939 755 3014 meminisse„
801 2955 985 3016 quem
1024 2940 1259 3003 titulum
1297 2938 1770 3018 praetenderitis
1809 2939 1984 3016 prius
2022 2940 2330 3002 adversus

359 3025 724 3100 Philippum,
754 3040 918 3086 nunc
940 3025 1245 3086 adversus
1266 3023 1640 3086 Antiochum
1659 3023 1838 3094 belli3
1885 3024 2036 3100 quid
2060 3021 2328 3084 feceritis

358 3105 643 3185 Philippo
674 3107 870 3178 victo;
916 3109 1066 3186 quid
1091 3124 1252 3169 nunc
1274 3125 1314 3171 a
1333 3108 1530 3180 vobiS,
1556 3123 1680 3168 non
1704 3106 1900 3184 magis
1925 3105 2071 3182 quia
2092 3106 2328 3168 fecistis

363 3209 549 3266 quam
578 3191 723 3268 quia
751 3192 815 3252 id
844 3209 958 3252 vos
990 3194 1197 3254 facere
1224 3192 1430 3262 decet,
1477 3190 1860 3252 desideretur
1887 3199 2076 3266 atque
2101 3205 2328 3265 exspe-

363 3283 573 3336 ctetur.
619 3275 738 3336 alia
776 3276 936 3336 enim
980 3275 1114 3336 aliis
1158 3281 1220 3335 et
1255 3274 1519 3336 honesta
1557 3281 1656 3338 est
1681 3282 1741 3336 et
1768 3271 2107 3351 probabilis
2137 3289 2330 3335 causa

357 3374 700 3419 armorum:
742 3357 829 3419 illi
856 3374 1087 3433 agrum,
1118 3357 1179 3416 hi
1209 3359 1404 3432 vicoS,
1433 3357 1497 3420 hi
1521 3357 1772 3435 oppida,
1803 3357 1867 3418 hi
1887 3365 2104 3434 portus
2127 3373 2327 3420 oram·

364 3456 488 3516 que
519 3442 783 3518 aliquam
814 3441 999 3503 maris
1027 3449 1093 3503 ut
1121 3441 1518 3517 possideaut;
1569 3459 1686 3504 vos
1729 3457 1844 3504 nec
1885 3441 2144 3518 cupistis
2173 3439 2330 3502 haec
