2548 3950
591 238 821 301 Lmen
840 235 1163 298 xxxvm.
1201 233 1368 295 CAP.
1391 240 1481 296 57.
1503 240 1591 295 58.
1636 231 1710 309 [a.
1737 237 1954 311 ars-1]
2121 230 2248 297 373

304 393 485 455 deret.
531 388 756 465 quibus
785 388 869 448 ita
887 386 1045 447 inter
1063 384 1375 461 publicum
1400 386 1697 445 sollemne
1720 380 2115 461 sponsalibus
2135 386 2251 449 rite

302 475 472 536 lactis
560 488 700 532 cum
736 485 812 532 se
849 471 1097 531 domum
1140 468 1511 543 recepisset,
1564 466 1917 542 Scipionem
1954 468 2252 529 Aemiliae
2341 488 2346 493 ·

300 558 473 619 uxori
520 555 757 616 dixisse
802 552 991 614 filiam
1018 568 1091 613 se
1128 552 1427 612 minorem
1469 551 1911 626 despondisse,
1969 568 2104 613 cum
2146 552 2250 613 illa

302 638 667 701 muliebriter
711 636 1173 712 indignabunda
1206 634 1361 695 nihil
1406 635 1484 694 de
1525 636 1832 695 communi
1870 635 1996 695 filia
2035 651 2248 695 secum

302 722 729 795 consultatum,
771 719 1104 781 adiecisset
1131 735 1254 779 non
1300 719 1353 777 si
1381 716 1467 777 Ti.
1499 717 1776 779 Graccho
1808 719 1998 794 daret,
2025 734 2266 792 exper-.

298 814 414 866 tem
444 805 682 865 consilii
712 802 1007 864 debuisse
1034 809 1288 869 matrem
1309 816 1472 876 esse,
1502 802 1726 863 laetum
1753 800 2104 877 Scipionem
2125 810 2250 862 tam

300 887 588 951 concordi
620 886 845 948 iudicio
876 886 933 946 ei
961 884 1083 960 ipsi
1112 884 1494 959 desponsam
1519 885 1943 960 respondisse.
1986 885 2140 946 haec
2171 886 2250 945 de
2297 920 2302 931 -

297 979 459 1034 tanto
488 970 643 1045 viro,
675 984 1045 1045 quamquam
1066 973 1128 1028 et
1155 966 1548 1042 opinionibus
1579 973 1639 1028 et
1665 968 2070 1029 monumentis
2094 968 2246 1029 litte-

204 1041 209 1045 ’
298 1070 492 1117 rarum
522 1052 847 1125 variarent,
881 1051 1289 1128 proponenda
1319 1057 1509 1111 erant.

458 1137 666 1197 LVIII.
709 1135 959 1197 Iudiciis
986 1151 1025 1193 a
1052 1133 1120 1207 Q.
1150 1134 1432 1193 Terentio
1461 1139 1746 1208 praetore
1774 1132 2061 1209 perfectis
2076 1180 2092 1208 ,
2124 1134 2248 1195 Ho-

296 1221 491 1283 stilius
518 1218 817 1281 etruriae
847 1218 1115 1279 damnati
1142 1216 1410 1291 praedes
1439 1216 1657 1277 eodem
1688 1216 1788 1277 die
1809 1217 2246 1293 *quaestoribus

294 1303 545 1365 urbanis
584 1301 917 1370 dederunt;
960 1298 1171 1374 Scipio
1202 1314 1342 1359 cum
1371 1300 1768 1361 contenderet
1795 1315 2036 1361 omnem
2065 1316 2248 1376 quam

294 1386 636 1461 accepisset
683 1383 1009 1459 pecuniam
1044 1382 1107 1442 in
1148 1381 1384 1444 aerario
1426 1396 1603 1458 esse,
1654 1398 1772 1442 nec
1811 1399 1882 1443 se
1924 1383 2249 1458 quicquam

294 1469 521 1545 publici
548 1468 793 1540 habere,
823 1466 886 1526 in
914 1465 1160 1525 vincula
1188 1465 1330 1525 duci
1357 1471 1454 1526 est
1481 1472 1756 1541 coeptus.
1799 1465 1864 1524 P.
1895 1465 2103 1541 Scipio
2130 1466 2246 1525 Na—

292 1553 423 1613 sica
444 1549 718 1611 tribunos
738 1546 1090 1624 appellavit,
1114 1546 1572 1623 orationemque
1590 1547 1802 1610 habuit
1819 1552 2062 1625 plenam
2081 1550 2246 1609 veris

295 1632 623 1695 decoribus
665 1647 789 1692 non
829 1630 1229 1690 >communiter
1266 1632 1454 1692 modo
1499 1632 1812 1692 Corneliae
1851 1633 2082 1707 gentis,
2131 1631 2248 1691 sed

291 1716 542 1793 proprie
570 1714 835 1775 familiae
862 1728 1034 1775 suae.
1097 1721 1383 1788 parentes
1414 1730 1566 1777 suos
1597 1723 1659 1775 et
1682 1715 1748 1775 P.
1777 1714 2051 1776 Africani
2078 1731 2152 1776 ac
2177 1715 2246 1773 L.
2311 1778 2318 1783 ,

294 1796 617 1874 Scipionis,
654 1797 842 1872 quiin
874 1811 1183 1857 carcerem
1216 1797 1558 1873 duceretur,
1587 1800 1781 1860 fuisse
1807 1800 1910 1858 Cn.
1941 1806 2001 1861 et
2016 1797 2089 1857 P.
2115 1797 2242 1859 Sci-

290 1882 527 1958 piones,
558 1881 937 1942 clarissimos
970 1880 1159 1941 viros.
1214 1895 1357 1953 eos,
1391 1897 1529 1940 cum
1558 1897 1671 1955 per
1699 1882 1932 1957 aliquot
1958 1897 2154 1942 annos
2184 1882 2246 1940 in

300 1981 451 2024 verra
468 1964 767 2038 Hispania
788 1965 1093 2027 adversus
1115 1964 1340 2024 multos
1353 1964 1698 2025 Poenorum
1707 1962 2246 2040 Hispanorumque

288 2053 352 2106 et
388 2047 581 2107 duces
624 2054 685 2107 et
724 2048 1030 2109 exercitus
1074 2045 1337 2108 nominis
1365 2047 1623 2107 Romani
1665 2048 1887 2108 famam
1927 2047 2248 2109 auxissent

286 2146 410 2190 non
452 2129 611 2189 bello
654 2130 882 2204 solum,
926 2131 1043 2192 sed
1070 2130 1240 2208 quod
1264 2132 1578 2192 Romanae
1612 2131 2045 2206 temperantiae
2071 2131 2243 2191 fidei-

292 2228 415 2290 que
444 2211 760 2287 specimen
784 2212 905 2274 illis
934 2215 1217 2289 gentibus
1240 2215 1571 2286 dedissent,
1605 2215 1686 2275 ad
1707 2221 2040 2276 extremum
2061 2215 2241 2274 ambo

283 2313 401 2373 pro
429 2311 500 2356 re
540 2295 789 2371 publica
816 2303 1011 2358 morte
1041 2297 1428 2360 occubuisse.
1499 2313 1635 2358 cum
1663 2296 1900 2358 illorum
1928 2297 2083 2358 tueri
2112 2298 2242 2371 glo-

282 2379 438 2440 riam
480 2379 747 2455 posteris
790 2380 941 2442 satis
982 2389 1179 2456 esset,
1222 2380 1286 2440 P.
1315 2379 1672 2443 Africanum
1698 2387 1926 2441 tantum
1956 2387 2241 2456 paternas

284 2460 687 2539 superavisse
715 2464 952 2537 laudeS,
986 2470 1050 2542 ut
1076 2465 1257 2526 fldem
1283 2466 1493 2527 fecerit
1513 2481 1638 2527 non
1659 2465 1959 2539 sanguine
1977 2464 2240 2525 humano

282 2547 401 2608 sed
441 2547 635 2623 stirpe
678 2546 886 2608 divina
928 2555 1126 2608 satum
1167 2564 1238 2608 se
1266 2565 1427 2610 esse.
1491 2549 1559 2608 L.
1591 2547 1971 2624 Scipionem,
2009 2547 2088 2607 de
2116 2565 2240 2624 quo

282 2637 524 2705 agatur,
566 2637 636 2691 ut
665 2631 913 2706 quaein
942 2630 1254 2706 Hispania,
1287 2632 1531 2709 quaein
1561 2631 1798 2704 Africa,
1833 2648 1972 2693 cum
2004 2631 2241 2706 legatus

282 2713 487 2774 rr‘atris
519 2721 705 2789 esset,
734 2715 1053 2789 gessisset,
1086 2721 1568 2788 praetereantur,
1601 2717 1916 2776 consulem
1944 2721 2007 2777 et
2033 2715 2109 2775 ab
2140 2731 2236 2778 se-

280 2802 431 2857 natu
470 2796 719 2872 dignum
760 2797 990 2873 visum,
1033 2797 1130 2858 cui
1170 2803 1345 2858 extra
1383 2804 1609 2859 sortem
1635 2799 1789 2858 Asia
1828 2798 2148 2874 provincia
2182 2810 2242 2858 et

281 2877 510 2940 bellum
552 2897 692 2942 cum
718 2882 1027 2943 Antiocho
1056 2897 1203 2957 rege
1232 2882 1688 2955 decerneretur,
1729 2888 1791 2941 et
1817 2898 1856 2941 a
1884 2884 2097 2954 fratre,
2142 2883 2239 2941 cui

280 2971 430 3038 post
457 2964 619 3022 duos
654 2966 1012 3025 consulatus
1042 2981 1489 3040 censuramque
1517 2971 1578 3026 et
1601 2957 1972 3039 triumphurn
1999 2965 2238 3038 legatus

277 3045 345 3106 in
364 3043 578 3105 Asiam
598 3044 730 3103 iret.
774 3043 859 3104 ibi
880 3061 960 3106 ne
982 3047 1332 3120 magnitudo
1355 3054 1417 3108 et
1435 3047 1729 3123 splendor
1747 3047 1932 3122 legati
1953 3045 2237 3107 laudibus

282 3127 565 3190 consulis
590 3127 883 3200 officeret,
916 3129 1071 3187 rorte
1091 3129 1174 3189 ita
1194 3129 1505 3205 incidisse,
1526 3137 1596 3190 ut
1618 3146 1739 3205 quo
1766 3131 1866 3191 die
1888 3131 1970 3191 ad
1987 3129 2235 3204 Magne·

280 3209 443 3272 siam
470 3211 665 3287 signis
698 3210 934 3273 collatis
954 3210 1022 3269 L.
1049 3209 1255 3286 Scipio
1279 3211 1646 3272 AntIochum
1674 3213 2022 3288 devicisset,
2053 3229 2238 3288 aeger

282 3290 347 3352 P.
382 3294 590 3370 Scipio
618 3295 843 3355 Elaeae
883 3294 1116 3355 dierum
1158 3293 1392 3369 aliquot
1428 3294 1529 3354 via
1567 3294 1831 3356 abesset.
1888 3313 2012 3358 non
2042 3296 2236 3356 luisse

281 3377 577 3438 minorem
620 3393 759 3440 eum
803 3379 1134 3439 exercitum
1178 3393 1360 3453 quam
1397 3377 1751 3438 Hannibalis
1766 3425 1782 3453 ,
1826 3395 1966 3440 curn
2010 3397 2130 3456 quo
2174 3380 2234 3438 in

282 3458 495 3521 Africa
523 3468 692 3523 esset
728 3470 1081 3538 pugnatum.
1143 3461 1539 3523 Hannibalem
1569 3461 1829 3520 eundem
1859 3459 2054 3522 fuisse
2080 3461 2238 3522 inter
