2548 3950
417 218 541 280 266
712 216 941 277 LIBER
970 215 1264 276 xxxvn.
1314 214 1479 273 CAP.
1508 223 1563 277 6.
1588 222 1640 277 7.
1686 220 1758 287 [a.
1784 220 1855 271 U.
1876 237 1925 270 c.
1946 220 2074 285 562]

413 368 566 429 illud
590 381 958 441 responsum
985 364 1240 435 rettulit,
1285 379 1407 438 quo
1450 363 1640 436 fugati
1682 363 1763 423 ab
1790 370 2008 421 senatu
2038 372 2253 424 erant.
2321 380 2393 423 eo

414 460 724 525 tamquam
763 464 926 510 novo
967 464 1104 508 cum
1143 446 1246 507 icti
1270 446 1475 506 Aetoli
1516 453 1729 507 essent
1755 478 1841 491 —
1866 446 2016 505 nihil
2056 444 2241 507 enim
2282 464 2393 507 nec

419 534 720 609 legatione
765 531 1230 592 Atheniensium
1280 544 1396 589 nec
1450 528 1695 604 placido
1745 530 2017 590 Africani
2064 546 2390 605 responso

415 619 754 692 profectum
795 616 1084 675 videbant
1110 648 1196 659 —-
1209 659 1224 685 ,
1273 614 1507 672 referre
1545 612 1625 672 ad
1676 628 1829 673 suos
1868 612 2169 673 dixerunt
2214 616 2387 673 veile.

412 702 547 761 VII.
599 698 860 761 reditum
901 698 1044 758 inde
1069 698 1376 776 Hypatam
1406 703 1529 770 est,
1570 712 1688 757 nec
1730 696 2055 757 consilium
2084 699 2387 772 expedie-

311 839 320 857 ,
411 785 619 846 batur=
664 799 805 843 nam
845 796 1048 857 neque
1084 781 1250 842 unde
1290 780 1453 839 mille
1484 780 1779 841 talentum
1820 780 2069 840 daretur
2107 788 2293 850 erat3
2336 791 2389 840 et

415 867 722 944 permisso
761 865 956 925 libero
999 865 1248 925 arbitrio
1263 909 1281 938 ,
1322 880 1403 924 ne
1444 862 1507 923 in
1550 878 1815 939 corpora
1856 879 1971 924 sua
2010 864 2385 929 saeviretur.

414 952 782 1013 metuebant.
835 950 1037 1009 redire
1074 949 1285 1023 itaque
1310 947 1565 1008 eosdem
1590 948 1829 1021 legatos
1853 947 1939 1006 ad
1964 950 2309 1009 consulem
2336 958 2387 1007 et

411 1036 770 1095 Africanum
809 1034 1118 1093 iusserunt
1145 1040 1206 1093 et
1234 1038 1471 1105 petere,
1520 1037 1617 1103 ut,
1660 1028 1717 1091 si
1758 1030 1907 1091 dare
1945 1045 2097 1090 vere
2139 1046 2383 1107 pacem,

417 1134 541 1177 non
569 1126 801 1179 tantum
831 1116 1189 1188 ostendere,
1221 1116 1585 1176 frustrantes
1616 1129 1793 1189 spem
1820 1113 2235 1188 miserormn,
2260 1118 2383 1175 vel-

413 1202 568 1275 lent,
600 1207 706 1261 aut
731 1216 812 1259 ex
840 1214 1078 1260 summa
1107 1197 1410 1274 pecuniae
1436 1198 1753 1257 demerent
1776 1202 1883 1257 aut
1904 1198 2383 1271 permissionem

413 1290 588 1345 extra
615 1284 836 1344 civium
874 1298 1142 1357 corpora
1181 1282 1317 1342 fieri
1357 1282 1653 1341 iuberent.
1708 1280 1859 1341 nihil
1896 1280 2301 1357 impetratum
2327 1296 2385 1341 ut

413 1374 674 1429 mutaret
701 1368 954 1435 consu13
997 1372 1058 1425 et
1095 1381 1171 1425 ea
1211 1380 1465 1441 quoque
1502 1364 1671 1425 irrita
1704 1364 1931 1439 leg-atio
1972 1364 2250 1425 dimissa
2278 1376 2381 1425 est.

413 1451 611 1512 secuti
639 1460 702 1513 et
725 1450 1134 1511 Athenienses
1165 1456 1339 1521 sunt;
1382 1455 1447 1508 et
1488 1449 1775 1524 princeps
1804 1449 2129 1522 legationis
2166 1466 2381 1511 eorum

411 1534 800 1595 Echedemus
825 1535 1108 1609 fatigatos
1129 1540 1220 1595 tot
1239 1532 1509 1607 repulsis
1532 1533 1821 1604 AetoloS‚
1854 1542 1914 1593 et
1936 1532 2380 1607 complorantis

415 1618 608 1678 inutili
635 1618 1062 1679 lamentatione
1087 1617 1397 1677 fortunam
1436 1616 1666 1691 gentis,
1720 1616 1801 1675 ad
1842 1630 2021 1691 spem
2061 1620 2381 1679 revocavit

409 1708 628 1761 auctor
656 1700 922 1763 indutias
951 1715 1066 1760 sex
1093 1701 1395 1760 mensium
1423 1700 1699 1775 petendi,
1743 1706 1813 1759 ut
1848 1702 2089 1775 legatos
2118 1700 2379 1761 Romam

415 1784 652 1843 mittere
698 1790 975 1859 possent.
1063 1783 1415 1845 dilationem
1463 1783 1613 1844 nihil
1664 1783 1745 1843 ad
1793 1784 2146 1859 praesentia
2202 1787 2378 1856 mala,

412 1866 648 1943 quippe
690 1882 850 1943 quae
888 1864 1097 1927 ultima
1135 1875 1375 1941 essent,
1420 1867 1821 1927 adiecturam=
1862 1868 2054 1927 levari
2084 1882 2207 1942 per
2234 1871 2378 1928 mul·

417 1958 516 2012 tos
559 1967 744 2014 casus
789 1958 1063 2027 tempore
1103 1951 1465 2029 interposito
1518 1952 1862 2026 praesentis
1906 1952 2119 2012 clades
2163 1968 2377 2027 posse.

419 2044 672 2097 auctore
709 2036 1061 2096 Echedemo
1103 2034 1287 2096 iidem
1328 2035 1537 2108 missi,
1577 2035 1749 2110 prius
1784 2034 1849 2094 P.
1892 2035 2193 2110 Scipione
2238 2054 2351 2098 con

416 2126 632 2192 vento,
679 2135 789 2194 per
823 2135 961 2179 eum
991 2117 1259 2179 indutias
1290 2116 1583 2194 temporis
1610 2119 1746 2178 eius
1780 2120 1948 2193 quod
1978 2120 2279 2195 petebant
2306 2122 2375 2179 ab

411 2203 674 2263 consule
695 2202 1189 2280 impetraverunt.
1228 2211 1291 2264 et
1310 2203 1513 2263 soluta
1532 2202 1857 2264 obsidione
1878 2202 2261 2278 Amphissae
2279 2204 2374 2262 Μ’.

411 2286 680 2361 AciliuS‚
726 2287 949 2348 tradito
991 2285 1232 2348 consuli
1271 2287 1571 2360 exercitu,
1615 2286 1934 2360 provincia
1976 2286 2283 2359 decessit;
2322 2297 2377 2347 et

411 2371 634 2430 consul
677 2370 754 2430 ab
784 2370 1122 2446 Amphissa
1145 2369 1526 2431 Thessaliam
1565 2371 1819 2445 repetit,
1849 2378 1919 2430 ut
1944 2361 2060 2444 per*
2084 2370 2371 2431 Macedo·

413 2451 578 2512 niam
605 2452 1046 2528 Thraciamque
1076 2455 1325 2514 duceret
1352 2454 1415 2511 in
1443 2453 1673 2512 Asiam.

581 2535 731 2596 Tum
755 2535 1086 2598 Africanus
1127 2537 1295 2599 fratri
1334 2537 1487 2611 „iter
1531 2538 1701 2612 quod
1738 2538 2003 2610 insistiS,
2044 2539 2117 2597 L.
2148 2537 2371 2614 Scipio,

412 2634 532 2692 ego
577 2637 700 2693 quo
709 2636 828 2693 que
867 2621 1180 2696 approbo:
1237 2621 1354 2682 sed
1380 2627 1572 2681 totum
1600 2621 1666 2681 id
1693 2622 1944 2682 vertitur
1970 2621 2035 2681 in
2061 2623 2371 2683 voluntate

411 2701 706 2776 Philippi,
753 2703 856 2776 qui
897 2704 953 2762 si
978 2704 1234 2779 imperio
1276 2711 1491 2765 nostro
1528 2704 1691 2765 fidus
1722 2713 1845 2780 est,
1889 2711 1951 2765 et
1974 2703 2089 2765 iter
2121 2713 2185 2766 ct
2212 2721 2369 2768 com·

412 2791 650 2844 meatus
693 2792 754 2846 et
793 2787 1022 2861 omnia,
1072 2803 1231 2863 quae
1272 2789 1335 2848 in
1372 2789 1561 2862 longo
1602 2789 1818 2849 itinere
1858 2790 2171 2850 exercitus
2212 2791 2369 2849 alunt

413 2868 776 2942 iuvantque,
820 2869 998 2930 nobis
1039 2871 1477 2946 suppeditabit.
1510 2872 1597 2940 ‘si
1623 2873 1679 2932 is
1716 2872 2031 2944 destituat,
2074 2873 2229 2933 nihil
2265 2886 2367 2947 per

405 2951 730 3013 Thraciam
759 2951 910 3013 satis
938 2961 1127 3016 tutum
1158 2955 1437 3016 habebis.
1480 2954 1687 3030 itaque
1717 2957 1887 3030 prius
1913 2957 2080 3030 reg-is
2110 2957 2363 3016 animum

411 3035 728 3111 explorari
767 3035 986 3111 placet.
1051 3040 1279 3120 optime
1322 3038 1771 3113 explorabitur,
1814 3040 1869 3100 si
1896 3039 2045 3100 nihil
2087 3056 2170 3101 ex
2198 3052 2363 3114 prae·

410 3128 627 3194 parato
670 3127 950 3195 agentem
991 3123 1300 3197 opprimet
1334 3123 1439 3196 qui
1464 3123 1791 3182 mittetur.“
1858 3122 1945 3183 Ti.
1970 3121 2359 3198 Sempronius

412 3203 759 3278 GracchuS‚
805 3206 988 3279 longe
1015 3214 1142 3266 tum
1171 3205 1507 3266 acerrimus
1536 3207 1853 3281 iuvenum,
1896 3207 1977 3266 ad
2004 3207 2071 3266 id
2101 3207 2355 3266 delectus

409 3301 525 3356 per
559 3286 900 3360 dispositos
942 3304 1155 3362 equos·
1181 3304 1383 3364 prope
1410 3289 1753 3350 incredibili
1782 3289 2093 3350 celeritate
2120 3289 2198 3349 ab
2224 3291 2353 3348 Am-

409 3366 626 3458 phissa
645 3369 897 3428 -inde
927 3371 1085 3430 enim
1107 3377 1205 3431 est
1227 3371 1523 3431 dimissus
1541 3401 1628 3416 --
1650 3372 1751 3432 die
1776 3371 1953 3432 tertio
1976 3369 2207 3431 Pellam
2230 3384 2355 3448 pcr-

412 3455 596 3503 vemt.
641 3450 704 3506 in
731 3450 1012 3510 convivio
1042 3468 1152 3511 rex
1183 3460 1315 3512 erat
1342 3453 1487 3512 etin
1514 3455 1768 3514 multum
1795 3455 1918 3513 vini
1946 3457 2355 3529 processerat*
