2548 3950
329 230 457 297 244
552 232 783 295 LIBER
809 230 1078 293 XXXVI.
1123 230 1289 291 cAP.
1317 238 1405 293 ιι.
1429 240 1516 291 25.
1540 238 1627 292 ιδ.
1674 236 1747 302 [a.
1772 234 1845 286 u.
1870 251 1918 287 ο.
1942 234 2070 301 561]

327 391 504 446 erant
531 383 732 445 Aetoli
773 382 1036 457 primum
1077 395 1292 443 eorum
1336 381 1437 455 qui
1474 394 1699 456 rupem
1729 386 2021 455 ceperant
2064 381 2298 443 elamo-

327 485 456 529 rem
469 513 484 541 ,
517 466 742 527 deinde
769 464 1062 541 impetum
1089 464 1170 525 ab
1198 464 1356 525 urbe
1376 465 1811 539 Romanorum,
1842 470 1905 525 et
1930 464 2139 528 fractis
2172 464 2299 527 iam

329 551 578 627 animis,
619 557 681 612 et
719 550 886 611 nulla
926 549 1012 610 ibi
1051 555 1417 624 praeparata
1441 562 1512 609 re
1536 548 1619 609 ad
1647 547 2033 611 obsidionem
2063 547 2297 613 diutius

327 634 706 697 tolerandam
721 678 738 709 ,
781 638 996 707 utpote
1038 632 1425 707 congregatis
1456 632 1699 693 feminis
1726 629 2065 709 puerisque
2093 640 2155 693 et
2181 633 2296 693 im·

327 717 474 781 belli
511 718 632 778 alia
671 716 851 777 turba
891 716 952 775 in
982 730 1215 791 arcem,
1259 730 1419 791 quae
1444 714 1551 776 vix
1580 730 1835 791 capere,
1880 716 2107 782 nedum
2133 717 2296 779 tueri

328 800 770 864 multitudinem
807 806 1034 860 tantam
1065 806 1313 873 posset=
1367 798 1576 875 itaque
1603 800 1683 861 ad
1712 798 1975 875 primum
2001 799 2295 875 impetum

329 884 586 946 abiectis
605 884 796 945 armis
815 883 1185 945 dediderunt
1205 898 1368 944 sese.
1398 883 1657 945 traditus
1677 882 1835 946 inter
1856 890 2097 947 ceteros
2120 884 2293 959 prin-

329 984 484 1045 ceps
503 968 864 1030 Aetolorum
885 967 1273 1029 Damocritus
1303 974 1416 1042 est,
1446 966 1551 1044 qui
1580 966 1883 1043 principio
1910 964 2055 1029 belli
2076 966 2297 1028 decre-

328 1060 456 1115 tum
476 1052 855 1127 Aetolorum,
885 1067 1013 1127 quo
1039 1052 1485 1113 arcessendum
1504 1050 1876 1114 Antiochum
1904 1056 2298 1127 censuerant,

325 1138 392 1197 T.
421 1135 698 1209 Quinctio
737 1134 1024 1210 poscenti
1060 1134 1473 1210 responderat
1510 1134 1571 1195 in
1600 1135 1771 1196 ltalia
1800 1134 2109 1209 daturum,
2150 1149 2299 1197 cum

329 1226 532 1283 castra
568 1217 651 1280 ibi
679 1218 882 1279 Aetoli
924 1216 1303 1293 posuissent.
1369 1218 1451 1281 ob
1490 1234 1625 1279 eam
1654 1217 1946 1279 ferociam
1974 1218 2171 1282 maius
2196 1217 2297 1283 vi·

329 1302 606 1363 ctoribus
631 1301 920 1377 gaudium
951 1302 1210 1365 traditus
1237 1302 1367 1363 fuit.

493 1384 680 1447 XXV.
737 1385 973 1447 Eodem
999 1394 1282 1462 tempore·
1306 1401 1431 1461 quo
1458 1384 1719 1447 Romani
1744 1384 2121 1458 Heracleam,
2148 1383 2296 1447 Phi·

329 1465 534 1542 lippus
557 1468 826 1530 Lamiam
854 1484 933 1529 ex
964 1470 1305 1545 composito
1332 1468 1789 1545 oppugnabant,
1820 1468 1985 1531 circa
2001 1467 2297 1532 Thermo-

327 1552 515 1628 pylas
542 1568 680 1613 cum
709 1554 964 1614 consule
991 1554 1289 1615 redeunte
1316 1568 1397 1613 ex
1422 1552 1699 1625 Boeotia,
1731 1557 1801 1614 ut
1827 1551 2138 1615 victoriam
2169 1550 2295 1627 ipsi

331 1636 686 1710 populoque
697 1637 974 1698 Romano
989 1638 1399 1711 gratularetur
1410 1642 1875 1712 excusaretque,
1892 1635 2061 1711 quod
2072 1635 2296 1697 morbo

328 1716 658 1791 impeditus
687 1718 851 1779 bello
871 1734 994 1779 non
1023 1719 1420 1793 interfuisset,
1452 1735 1849 1795 congressus.
1892 1718 2037 1781 inde
2059 1718 2297 1783 diversi

329 1800 410 1859 ad
439 1800 594 1860 duas
623 1801 804 1861 simul
834 1803 1287 1877 oppugnandas
1322 1802 1507 1863 urbes
1546 1802 1822 1877 protecti.
1868 1802 2167 1869 intersunt
2187 1818 2293 1865 se·

329 1891 494 1957 ptem
542 1884 706 1943 milia
755 1885 946 1945 ferme
986 1901 1321 1960 passuum;
1376 1892 1439 1946 et
1476 1885 1626 1961 quia
1660 1885 1869 1947 Lamia
1906 1900 2047 1949 cum
2083 1886 2297 1962 posita

332 1973 422 2028 est
460 1966 522 2028 in
563 1970 821 2041 tumulo,
869 1977 998 2030 tum
1039 1970 1355 2048 regionem
1382 1969 1649 2032 maxime
1678 1968 1865 2032 Oetae
1890 1977 2147 2048 spectat,
2175 1986 2295 2046 op-

332 2052 476 2126 pido
519 2069 704 2127 quam
744 2053 934 2113 breve
977 2055 1363 2116 intervallum
1402 2054 1673 2126 videtur,
1716 2060 1780 2116 et
1819 2054 2023 2118 omnia
2050 2053 2111 2114 in
2140 2070 2292 2118 con-

328 2141 548 2210 speetu
575 2143 733 2197 sunt.
795 2152 934 2197 cum
961 2139 1172 2213 enixe,
1215 2139 1383 2200 velut
1410 2139 1733 2215 proposito
1766 2137 2121 2215 certamine,
2163 2137 2293 2200 Ro·

325 2219 490 2280 mani
515 2218 1020 2296 Macedonesque
1060 2220 1223 2282 diem
1263 2237 1339 2283 ac
1364 2227 1609 2283 noctem
1636 2220 1827 2283 autin
1860 2221 2155 2298 operibus
2183 2227 2295 2284 aut

327 2302 387 2361 in
419 2301 670 2378 proeliis
701 2312 926 2380 essent,
956 2306 1077 2367 hoc
1107 2307 1303 2367 maior
1324 2305 1651 2368 difficultas
1673 2305 2114 2369 Macedonibus
2138 2313 2291 2382 erat,

328 2387 497 2460 quod
523 2387 784 2448 Romani
818 2403 1050 2464 aggere
1093 2397 1156 2450 et
1191 2386 1393 2451 vineis
1435 2395 1500 2452 et
1524 2390 1807 2452 omnibus
1844 2405 2037 2467 supra
2064 2397 2293 2451 terram

327 2470 650 2546 operibuS,
693 2471 911 2532 subtus
949 2471 1325 2535 Macedones
1368 2472 1670 2534 cuniculis
1708 2473 2185 2550 oppugnabant;
2226 2481 2297 2536 et

325 2551 386 2612 in
431 2553 670 2630 asperis
714 2553 874 2616 locis
911 2553 1074 2616 silex
1111 2572 1309 2632 saepe
1346 2553 1825 2633 impenetrabilis
1866 2559 2029 2620 ferro
2072 2572 2291 2622 occur-

323 2636 516 2697 rebat.
581 2644 642 2698 et
669 2653 808 2698 cum
835 2655 1054 2713 parum
1083 2639 1451 2714 procederet
1476 2642 1803 2716 inceptum,
1835 2657 1950 2717 per
1978 2640 2295 2717 colloquia

324 2717 672 2794 principum
699 2720 1048 2819 oppidanos
1081 2723 1415 2799 temptabat
1440 2739 1582 2796 reit,
1626 2730 1695 2788 ut
1719 2725 1935 2788 urbem
1964 2726 2291 2802 dederent,

324 2801 491 2862 haud
520 2802 766 2877 dubius,
798 2803 963 2879 quin,
995 2806 1048 2865 si
1069 2805 1242 2881 prius
1265 2807 1569 2870 Heraclea
1588 2815 1771 2885 capta
1791 2809 1967 2886 foret,
1988 2808 2289 2873 Romanis

325 2889 394 2946 se
417 2882 628 2962 potius
653 2903 838 2961 quam
859 2887 978 2949 sibi
1001 2888 1263 2952 dedituri
1286 2898 1513 2966 essent,
1538 2907 1841 2968 suamque
1858 2893 2113 2968 gratiam
2136 2909 2289 2954 con-

325 2968 466 3029 sul
449 2987 512 3030 m
541 2968 870 3032 obsidione
897 2971 1216 3036 liberanda
1242 2975 1515 3036 factums
1538 2983 1724 3038 esset.
1768 2992 1885 3038 nec
1907 2993 2051 3040 eum
2069 2975 2289 3052 opinio

325 3063 418 3114 est
459 3055 774 3116 frustrata:
841 3057 1162 3119 confestim
1204 3057 1366 3120 enim
1393 3060 1471 3119 ab
1498 3059 1797 3135 Heraclea
1826 3067 2007 3136 capta
2034 3059 2290 3124 nuntius

323 3135 508 3212 venit,
535 3145 603 3198 ut
631 3138 1093 3237 oppugnatione
1115 3141 1473 3212 absisteret,
1516 3141 1779 3220 aequius
1800 3158 1947 3207 esse
1964 3145 2289 3206 Romanos

322 3218 562 3296 milites,
595 3224 700 3298 qui
728 3222 862 3285 acie
893 3223 1296 3288 dimicassent
1322 3241 1462 3287 eum
1490 3226 1757 3302 Aetolis,
1791 3225 2066 3303 praemia
2088 3224 2291 3289 victo-

321 3305 450 3363 riae
488 3305 735 3366 habere.
800 3305 885 3367 ita
921 3323 1240 3371 recessum
1280 3309 1358 3369 ab
1385 3309 1595 3370 Lamia
1622 3317 1753 3384 est,
1796 3318 1857 3372 et
1897 3309 2289 3388 propinquae

325 3387 500 3448 clade
529 3386 744 3448 urbis
727 3390 867 3463 ipsi,
901 3406 980 3452 ne
1011 3392 1160 3467 quid
1189 3390 1387 3454 simile
1414 3401 1781 3469 paterentur,
1811 3393 2174 3470 effugerunt.

491 3470 703 3529 XXVI.
751 3472 968 3534 Paucis
999 3474 1359 3551 priusquam
1386 3476 1687 3539 Heraclea·
1712 3487 2035 3554 caperetur
2060 3477 2289 3540 diebus
