2548 3950
550 231 774 291 LIBER
800 231 1038 293 XXXV.
1085 231 1248 291 cAP.
1274 240 1362 293 35.
1385 239 1474 294 36.
1516 240 1588 306 [a.
1612 238 1677 291 C.
1702 240 1828 307 192]
2038 235 2163 300 297

197 384 556 444 Romanos:
589 398 906 446 numerum
936 382 1070 441 iniri
1104 382 1374 456 peditum
1400 384 1890 459 equitumqueac
1914 387 2159 448 navium

192 483 326 528 non·
350 480 579 541 posse3
621 466 1085 540 elephantorum
1114 468 1309 526 aciem
1340 475 1681 542 conspeetu
1721 468 1859 543 ipso
1889 470 2159 531 debella·

189 558 419 611 turam.
460 550 716 613 Aetolos
744 556 870 611 toto
903 566 1023 609 suo
1050 550 1325 612 exercitu
1354 558 1610 625 paratos
1629 567 1776 611 esse
1803 553 2015 615 venire
2041 554 2156 615 La·

190 635 664 707 cedaemonem‚
715 648 852 694 cum
893 648 996 693 res
1039 641 1287 707 poscatz
1344 634 1458 694 sed
1506 635 1844 711 frequentis
1886 643 2153 700 armatos

188 717 524 779 ostendere
552 716 898 780 advenienti
920 718 1052 791 regi
1074 715 1370 782 voluisse.
1414 717 1634 779 Nabidi
1664 727 2010 794 quoquest
2032 721 2156 796 ipsi

185 799 540 861 faciendum
569 816 714 861 esse
745 807 812 860 ut
840 817 994 876 quas
1023 799 1280 860 haberet
1309 800 1554 877 copias,
1599 819 1723 864 non
1766 803 1996 865 sineret
2034 806 2151 865 sub

183 885 379 945 tectis
398 898 782 944 marcescere
813 885 970 957 otio,
1000 883 1430 945 sed-educeret
1449 891 1511 945 et
1533 887 1594 945 in
1614 887 1800 947 armis
1824 888 2151 951 decurrere

184 974 472 1043 cogeret,
501 967 676 1029 siunai
707 968 948 1032 animos
965 975 1224 1033 acueret
1250 975 1313 1028 et
1334 984 1605 1044 corpora
1621 979 1955 1031 exerceret.
2002 988 2150 1034 eon·

182 1052 521 1113 suetudine
545 1051 834 1116 leviorem
864 1052 1138 1112 laborem
1166 1052 1331 1122 ἴσως
1379 1059 1441 1112 et
1469 1054 1853 1115 comitate-ae
1873 1055 2146 1132 benigni·

179 1136 731 1196 tate-ducisetiam
764 1151 904 1196 non·
929 1135 1325 1199 iniucundum
1368 1136 1515 1196 fieri·
1542 1153 1751 1214 posse.
1796 1137 1976 1199 educi
2003 1140 2149 1202 inde

178 1220 547 1302 trequenter
587 1225 726 1279 ante
773 1219 985 1280 urbem
1036 1220 1107 1278 inv
1147 1235 1430 1296 campum
1475 1223 1555 1282 ad
1594 1222 1865 1285 Eurotan
1905 1219 2144 1285 amnem

178 1317 474 1379 coepere.
541 1302 830 1365 satellites
871 1302 1116 1382 tyranni
1159 1303 1218 1361 in
1257 1304 1462 1364 media
1502 1306 1632 1365 sere
1667 1306 1804 1367 acie
1844 1307 2133 1369 consiste·

176 1388 364 1455 bant3
405 1394 707 1467 tyrannus
732 1402 875 1449 cum
897 1386 1091 1447 tribus
1104 1403 1417 1447 smnmum
1438 1389 1744 1463 equitibus
1760 1434 1775 1462 ‚
1802 1389 1961 1449 inter
1983 1406 2140 1463 quos

179 1472 550 1546 plexumque
576 1472 994 1532 Alexamenus
1023 1478 1180 1544 erat,
1215 1477 1358 1531 ante
1385 1472 1564 1547 sigm
1587 1472 1974 1545 vectabatur,
2007 1489 2133 1536 cor·

177 1570 307 1614 nua
337 1561 610 1617 extrema
647 1553 957 1624 invisens;
1002 1556 1063 1614 in
1105 1555 1324 1616 dextro
1371 1572 1564 1617 cornu
1589 1557 1793 1617 Aetoli
1836 1564 2035 1629 erant,
2082 1564 2145 1619 et

177 1637 287 1715 qui
321 1644 461 1700 ante
490 1638 817 1700 auxiliares
847 1638 1092 1716 tyranni
1121 1639 1393 1713 fuerant,
1433 1647 1505 1700 et·
1524 1640 1629 1715 qui
1656 1649 1953 1701 venenant
1977 1642 2144 1704 mille

175 1738 328 1783 cum
363 1722 759 1782 Alexameno.
817 1722 1047 1783 fecerat
1086 1722 1214 1783 sihi.
1243 1739 1477 1784 morem
1515 1727 1931 1786 Alexamenus
1976 1742 2138 1787 nunc

172 1813 612 1883 cum-tyranno
654 1807 812 1866 inter
851 1822 1089 1883 paucos
1114 1807 1370 1868 ordines
1397 1808 1843 1883 circumeundi,
1885 1826 2138 1871 monen-

175 1892 374 1965 dique
398 1906 538 1954 eum
569 1891 817 1967 quaein
842 1907 979 1956 rem
999 1906 1143 1952 esse
1162 1891 1559 1966 videbantur,
1588 1894 1834 1954 nuncin
1856 1894 2139 1955 dextrum

173 1991 375 2036 cornu
416 1975 495 2036 ad
537 1991 693 2037 suos
730 1974 1074 2053 equitandi,
1150 1994 1299 2038 mox
1364 1975 1507 2038 inde
1588 1977 1758 2038 velut
1818 1974 2139 2054 imperato,

174 2060 351 2135 quod
391 2075 511 2119 res
538 2060 958 2136 poposcisset,
1011 2060 1349 2134 recipiendi
1388 2076 1462 2120 se
1500 2061 1580 2120 ad
1617 2068 1965 2136 tyrannum.
2022 2062 2139 2122 sed

173 2159 365 2219 quem
396 2144 557 2207 diem
587 2143 884 2219 patrando
914 2143 1170 2204 facinori
1199 2149 1521 2215 statuerat,
1559 2159 1636 2203 eo
1659 2145 1977 2219 paulisper
1997 2160 2137 2205 cum
2173 2178 2179 2181 >

173 2235 746 2307 tyn-annoveetatus
776 2244 912 2289 cum
955 2228 1034 2288 ad
1064 2243 1216 2288 suos
1260 2227 1707 2301 concessisset,
1750 2234 1876 2288 tum
1918 2228 2136 2302 equiti—

173 2314 296 2372 bus
343 2310 422 2371 ab
464 2312 647 2372 domo
696 2327 908 2372 seeum
944 2310 1153 2373 missis
1194 2355 1231 2384 „
1247 2309 1487 2385 agenda
1502 2314 1539 2344 ‘⁶
1583 2310 1792 2386 inquit.
1827 2325 1979 2385 „res
2020 2319 2134 2384 est,

173 2396 464 2468 iuvenes,
515 2397 952 2472 audendaque,
1006 2410 1189 2470 quam
1229 2409 1329 2454 rue
1371 2394 1530 2454 duce
1578 2393 1834 2469 impigre
1875 2396 2135 2470 exsequi

173 2478 333 2540 iussi
361 2480 532 2541 estis.
577 2486 788 2555 parate
817 2480 1061 2541 animas-
1077 2481 1359 2552 dextras,
1389 2493 1468 2538 ne
1493 2477 1633 2553 quis
1656 2479 1718 2538 in
1739 2493 1817 2538 eo
1844 2478 2013 2554 quod
2034 2495 2135 2539 me

173 2561 401 2622 viderit
421 2563 742 2624 facientem
763 2571 987 2625 cesset.
1031 2563 1133 2640 qui
1156 2570 1474 2624 cunctatus
1500 2561 1762 2627 fuerit-et
1778 2578 1961 2629 suum
1989 2577 2133 2624 con—

174 2646 383 2707 silium
410 2662 546 2708 meo
576 2646 950 2724 interponet,
992 2647 1147 2708 sciat
1176 2646 1295 2708 sibi
1321 2647 1588 2707 reditum
1613 2646 1695 2707 ad
1723 2655 1978 2722 penales
2006 2664 2133 2709 non

174 2735 382 2791 esse.“
427 2730 644 2792 horror
672 2738 928 2795 cunctos
967 2731 1172 2808 cepit3·
1206 2737 1272 2791 et·
1306 2731 1704 2792 meminerant
1732 2746 1870 2792 cum
1908 2731 2133 2809 quibus

175 2813 481 2876 mandatis
524 2816 816 2881 exissent.
849 2823 1187 2895 'tyrannus
1235 2815 1314 2876 ab
1365 2817 1544 2877 laevo
1596 2830 1789 2877 cornu
1826 2817 2131 2878 veniebat.

175 2914 411 2974 ponere
457 2900 666 2960 hastas
717 2901 956 2975 equites
985 2902 1400 2960 Alexamenus
1452 2900 1631 2960 iubet·
1671 2907 1732 2960 et
1772 2916 1843 2961 se
1883 2901 2130 2962 intueris

175 2981 407 3058 colligit
445 2990 508 3044 et
544 2984 682 3060 ipse
719 2984 984 3045 animum
1025 2985 1350 3045 confusum
1392 2991 1605 3044 tantae·
1624 2984 1994 3059 cogitatione
2020 2981 2132 3042 rei.

179 3074 507 3142 postquam
549 3068 1116 3144 appropinquabat,
1167 3069 1462 3143 impetum
1512 3068 1683 3140 facit,
1733 3073 1798 3126 et
1831 3065 2130 3126 transfixo

174 3167 343 3228 equo
381 3157 705 3231 tyrannum
749 3152 1060 3220 deturbat,
1126 3152 1421 3212 iacentem
1461 3151 1699 3223 equites
1742 3149 2129 3210 confodiunte

174 3235 381 3296 multis
409 3235 734 3297 frustru·in
777 3233 1029 3297 loricam
1069 3234 1290 3295 ictibus
1334 3232 1491 3293 datis
1531 3233 1782 3293 tandem
1807 3233 1867 3293 in
1898 3233 2131 3292 nudum

175 3335 408 3396 corpus
436 3321 691 3381 vulnera
716 3325 1156 3398 pervenerunt3
1203 3324 1267 3396 et
1305 3315 1668 3393 priusquam
1696 3333 1733 3377 a
1760 3317 1963 3376 media
1998 3316 2133 3376 acie

174 3411 662 3476 succurreretur,
697 3404 1047 3480 exspiravit.
1091 3402 1360 3465 XXXVI.
1402 3401 1814 3462 Alexamenus
1840 3415 1978 3460 cum
2002 3415 2129 3460 om-

174 3488 358 3551 nibus
386 3488 623 3549 Aetolis
655 3489 834 3549 citato
867 3486 1062 3564 gradu
1091 3488 1172 3548 ad
1199 3487 1431 3562 regiam
1462 3486 1884 3561 occupandam
1913 3483 2127 3562 pergit.
