2548 3950
560 232 790 293 LIBER
817 232 1056 292 XXXV.
1101 214 1269 293 CAP.
1298 241 1351 295 4.
1374 243 1425 294 5.
1473 240 1545 306 [a.
1576 239 1643 296 e.
1676 240 1799 305 193]
2033 234 2155 299 179

191 387 334 449 belli
361 386 515 445 ratio
549 401 732 461 quam
761 402 898 446 cum
925 385 1250 461 Liguribus
1280 396 1427 448 erat.
1472 389 1691 448 consul
1720 388 1779 447 in
1806 390 2001 450 aciem
2026 392 2153 451 exi-

188 473 320 545 bat,
378 469 592 531 hostes
643 485 910 545 pugnam
944 470 1411 541 ·detractabant;
1480 472 1995 550 praeda-tamque,
2045 476 2153 535 ubi

187 571 374 616 nemo
425 554 667 616 obviam
711 554 933 629 exiret,
983 555 1409 617 discurrebant
1444 556 1736 617 Romani:
1791 558 1928 620 Boii
1970 558 2153 635 diripi

185 656 308 701 sua
347 640 598 715 impune
644 654 826 715 quam
868 639 1099 699 tuendo
1129 654 1206 699 ea
1247 654 1579 701 con-serere
1620 649 1926 702 certamen
1966 644 2153 703 male-

183 726 352 784 bant.
410 729 738 813 ppstquam
769 723 972 783 omnia
999 724 1161 785 ferro
1193 724 1445 799 ignique
1473 726 1623 785 satis
1656 734 1931 788 evastata
1961 734 2152 803 erant,

183 809 406 868 consul
449 823 598 883 agro
628 805 895 868 hostium
923 808 1224 881 excessit,
1267 809 1437 869 etad
1463 808 1756 869 Mutinam
1786 812 2029 885 agmine
2059 811 2151 871 in·

183 897 384 965 cauto,
415 899 484 952 nt
510 892 664 953 inter
693 898 967 967 pacatos,
1000 891 1283 951 ducebat.
1325 892 1462 953 Boii
1489 892 1592 952 ubi
1615 907 1936 967 egressum
1960 911 1994 953 e
2018 895 2152 955 fini-

180 978 306 1036 bus
355 975 486 1035 suis
535 976 772 1037 hostem
825 990 1111 1048 sensere,
1171 977 1590 1051 sequebantur
1638 976 1839 1040 silenti
1890 979 2150 1053 agmine,

178 1062 388 1121 locum
415 1059 658 1119 insidiis
689 1065 1074 1135 quaerentes.
1121 1066 1303 1121 nocte
1331 1062 1780 1135 praetergressi
1803 1069 2007 1123 castra
2026 1064 2150 1123 Ro·

176 1159 366 1204 mana
392 1146 629 1216 sartum,
664 1160 786 1219 qua
812 1144 1253 1204 transeundum
1274 1151 1407 1204 erat
1424 1145 1741 1220 Romanis,
1771 1146 2149 1207 insederunt.

174 1229 244 1290 id
277 1242 416 1289 cum
445 1244 662 1303 parum
691 1229 928 1287 occulte
965 1228 1289 1302 fecissent,
1333 1230 1580 1303 consul,
1623 1229 1727 1304 qui
1754 1232 1942 1291 muita
1968 1237 2152 1290 nocte

174 1314 400 1374 solitus
425 1319 555 1372 erat
577 1326 830 1372 movere
851 1318 1072 1383 castra,
1105 1326 1184 1370 ne
1204 1328 1331 1371 nox
1353 1319 1649 1373 terrorem
1671 1314 1732 1371 in
1757 1314 2147 1374 tumultuario

175 1396 420 1472 proelio
449 1402 718 1471 augeret,
747 1398 946 1465 lucem
975 1395 1389 1471 exspectavit3
1436 1404 1496 1456 et
1524 1410 1659 1456 cum
1688 1397 1827 1456 luce
1855 1404 2146 1471 moveret,

175 1489 384 1541 tamen
413 1488 671 1541 turmam
703 1480 974 1555 equitum
1005 1480 1388 1554 exploratum
1417 1479 1597 1539 misit.
1642 1486 1972 1555 postquam
1993 1482 2148 1540 rela-

172 1573 307 1626 tum
335 1570 448 1637 est,
469 1570 747 1639 quantae
769 1564 986 1637 copiae
1017 1563 1158 1623 etin
1183 1579 1307 1638 quo
1330 1566 1469 1624 loco
1494 1569 1719 1639 essent,
1748 1566 1935 1625 totius
1960 1564 2147 1640 agmi-

173 1651 278 1710 nis
309 1648 586 1709 sarcinas
615 1646 678 1707 in
710 1646 975 1707 medium
1008 1644 1163 1707 coici
1195 1647 1390 1723 iussit,
1423 1655 1483 1710 et
1508 1648 1753 1709 triarios
1782 1650 2010 1709 vallum
2033 1649 2147 1707 cir-

172 1732 540 1807 cumicere;‚
575 1738 779 1792 cetero
823 1730 1095 1791 exercitu
1131 1732 1427 1793 instructo
1472 1732 1553 1791 ad
1588 1732 1829 1793 hostem
1859 1733 2145 1793 accessit.

173 1819 344 1880 siem
373 1824 434 1877 et
461 1815 616 1876 Galli
645 1816 948 1889 iecerunt,
991 1822 1325 1891 postquam
1353 1824 1597 1891 apertas
1628 1831 1773 1877 esse
1801 1816 2057 1877 insidias
2086 1824 2149 1877 et

170 1906 347 1965 recto
380 1916 454 1961 ac
483 1901 645 1961 iusto
674 1900 941 1975 proelio,
985 1900 1090 1959 ubi
1117 1915 1268 1959 vera
1296 1900 1569 1959 vinceret
1594 1901 1819 1973 virtus,
1854 1900 2145 1960 dimican-

171 1989 326 2048 dum
372 1985 674 2046 viderunt.
736 1986 812 2044 V.
859 1984 1013 2045 hora
1063 1985 1340 2044 secunda
1389 1986 1578 2044 ferme
1623 1999 1991 2046 concursum
2032 1993 2143 2046 est.
2192 1982 2207 2004 ⁸

171 2071 432 2132 sinistra
453 2070 765 2130 sociorum
784 2071 882 2128 ala
903 2077 963 2130 et
984 2068 1448 2129 extraordinarii
1467 2069 1664 2143 prima
1684 2069 1745 2127 in
1762 2069 1893 2128 acie
1908 2083 2143 2142 pugna·

169 2157 357 2217 bantx
413 2159 742 2230 praeerant
777 2152 902 2212 duo
947 2155 1309 2213 consulares
1351 2153 1561 2226 legati,
1603 2152 1685 2210 Μ.
1714 2151 2041 2211 Marcellus
2085 2160 2147 2212 et

167 2241 259 2300 Ti.
297 2238 732 2314 Sempronius,
764 2237 988 2312 prioris
1019 2236 1162 2296 anni
1193 2237 1429 2296 consul.
1502 2251 1703 2294 novus
1735 2236 1951 2294 consul
1982 2245 2143 2294 nunc

169 2326 256 2384 ad
287 2324 492 2399 prima
509 2323 686 2398 signa
708 2328 854 2396 erat,
885 2336 1048 2380 nunc
1071 2319 1347 2396 legiones
1374 2319 1723 2386 continebat
1742 2317 1802 2377 in
1828 2316 2143 2391 subsidiis,

169 2413 258 2469 ne·
285 2406 634 2468 certaminis
679 2406 882 2466 studio
925 2405 1098 2481 prius
1139 2409 1573 2479 procurrerent
1616 2418 1798 2478 quam
1831 2403 2033 2462 datum
2064 2403 2161 2462 si·-

168 2493 366 2568 gnum'
409 2499 594 2552 esset.
653 2491 894 2564 equites
935 2504 1145 2548 earum
1187 2495 1361 2548 extra
1388 2488 1581 2548 aciem
1608 2487 1669 2546 in
1700 2489 1903 2547 locum
1932 2493 2144 2561 paten-

168 2586 300 2636 tem
342 2575 410 2650 Q.
442 2582 503 2635 et
542 2575 606 2633 P.
652 2574 955 2634 Minucios
996 2573 1273 2633 tribunos
1324 2567 1601 2633 rnilitum
1629 2571 1896 2631 educere
1946 2570 2143 2644 iussit,

167 2661 376 2734 unde,
418 2675 554 2719 cum
587 2659 827 2733 signum
856 2657 1148 2732 dedisset,
1179 2658 1471 2732 impetum
1501 2671 1579 2716 ex
1609 2661 1822 2732 aperto
1854 2655 2142 2716 iacerent.

169 2745 335 2806 haec
387 2745 588 2819 agenti
638 2743 887 2802 nuntius
939 2742 1107 2802 venit
1143 2757 1180 2801 a
1219 2741 1306 2800 Ti.
1352 2739 1715 2816 Sempronio
1756 2739 1970 2814 Longo
2021 2751 2144 2800 non

170 2828 490 2889 sustinere
535 2825 1056 2888 extraordinarios
1100 2826 1394 2902 impetum
1437 2825 1777 2898 Gallorum,
1818 2831 1881 2884 et
1922 2835 2144 2884 caesos

167 2913 522 2990 permultos
563 2927 736 2984 esse,
780 2917 844 2970 et
880 2911 984 2986 qui
1024 2911 1367 2986 supersint,
1412 2909 1631 2984 partim
1671 2909 1883 2969 labore
1927 2908 2145 2983 partim

167 3003 347 3057 metu
393 2995 712 3056 remisisse
757 2994 1040 3070 ardorem
1088 3007 1351 3070 pugnae.
1428 2993 1732 3067 legionem
1778 2992 2024 3050 alteram
2067 3003 2147 3048 ex

168 3071 456 3154 duabus,
497 3079 551 3139 si
578 3079 920 3162 videretur,
961 3079 1389 3149 summitteret,
1433 3077 1791 3151 priusquam
1818 3070 2149 3146 ignominia

168 3165 580 3239 acciperetur.
649 3163 925 3223 secunda
971 3163 1163 3222 missa
1201 3169 1301 3221 est
1339 3160 1530 3234 legio,
1580 3166 1639 3219 et
1680 3155 2147 3217 extraordinarii

165 3246 434 3324 recepti.
478 3254 604 3307 tum
634 3247 1048 3320 redintegrata
1075 3251 1172 3306 est
1198 3255 1433 3320 pugna,
1468 3253 1607 3302 cum
1636 3247 1697 3301 et
1721 3251 1941 3300 recens
1969 3239 2145 3299 miles

165 3338 236 3394 et
267 3333 566 3408 frequens
611 3329 930 3391 ordinibus
966 3329 1127 3404 legio
1170 3326 1601 3389 successisset.
1658 3331 1720 3386 et
1759 3324 2008 3385 sinistra
2050 3324 2147 3383 ala

164 3433 256 3476 ex
301 3415 542 3491 proelio
583 3415 888 3476 subducta
935 3419 1059 3488 est,
1099 3413 1316 3474 dextra
1343 3412 1403 3473 in
1434 3412 1688 3488 primam
1718 3409 1912 3470 aciem
1942 3407 2145 3468 subiit.

163 3501 275 3562 sol
305 3497 536 3576 ingenti
565 3500 787 3558 ardore
816 3495 1086 3559 torrebat
1113 3497 1357 3558 minime
1388 3494 1689 3638 patientilz}¹2
1700 3499 1912 3613 ¹aestus
1944 3489 2142 3553 Gallo-
