2548 3950
376 226 499 290 122
658 223 891 286 LIBER
918 221 1181 282 XXXIII.
1228 218 1394 280 CAP.
1424 225 1509 281 46.
1532 225 1621 280 47.
1657 223 1731 292 [a.
1757 223 1828 274 U.
1852 239 1901 275 c.
1923 225 2052 290 5⁵7]

366 393 625 455 gravem
654 391 798 435 esse
826 371 1179 450 superbiam
1213 386 1456 445 eorum,
1493 373 1694 445 legem
1723 372 2029 446 extemplo
2061 374 2346 447 promul·
2373 375 2378 380 '

366 461 538 538 gavit
568 459 954 535 pertulitque,
986 465 1053 518 ut
1076 457 1139 517 in
1170 455 1449 530 singulos
1478 469 1674 514 annos
1703 453 1940 514 iudices
1970 456 2345 532 legerentur,

375 562 497 605 neu
527 544 665 620 quis
692 541 1004 604 biennium
1028 541 1382 602 continuum
1403 539 1592 600 iudex
1616 545 1802 600 esset.
1848 545 2121 600 ceterum
2144 557 2344 616 quan-

372 637 497 688 tam
538 643 615 689 eo
646 628 809 688 facto
850 626 932 686 ad
971 625 1215 701 plebem
1245 623 1462 684 inierat
1488 621 1774 697 gratiam,
1813 628 2046 684 tantum
2075 639 2344 700 magnae

375 711 564 788 partis
594 711 936 787 principum
968 707 1312 770 offenderat
1338 705 1594 768 animos.
1653 704 1877 766 adiecit
1903 714 1964 767 et
1990 706 2178 781 aliud,
2212 726 2342 784 quo

331 831 341 846 ,
370 796 537 857 bono
566 794 813 870 publico
846 791 963 852 sibi
992 781 1280 867 pr‘oprias
1310 791 1648 851 simultates
1675 789 1946 851 irritavit.
2011 792 2345 867 vectigalia

372 879 621 954 publica
662 877 885 954 partim
911 875 1297 952 neglegentia
1325 874 1774 948 dilabebantur,
1815 875 2035 950 partim
2063 877 2343 950 praedae

366 979 447 1022 ac
477 960 700 1022 divisui
730 969 790 1022 et
816 959 1162 1036 principum
1184 956 1553 1035 quibusdam
1575 965 1638 1018 et
1657 957 2112 1032 magistratibus
2133 967 2340 1020 erant=

372 1047 522 1122 quin
551 1052 611 1106 et
638 1045 919 1120 pecunia,
953 1059 1109 1120 quae
1136 1043 1201 1103 in
1224 1043 1600 1118 stipendium
1619 1042 1913 1103 Romanis
1938 1059 2056 1104 suo
2083 1061 2342 1120 quoque

370 1146 536 1190 anno
559 1130 945 1204 penderetur,
970 1129 1195 1196 deerat,
1215 1127 1627 1202 tributumque
1651 1141 1840 1201 grave
1863 1127 2118 1201 privatis
2141 1127 2340 1188 immi-

371 1229 520 1274 nere
569 1211 911 1272 videbatur.
978 1210 1214 1270 XLVII.
1274 1210 1578 1271 Hannibal
1619 1216 1951 1285 postquam
1990 1212 2339 1288 vectigalia,

374 1305 605 1373 quanta
640 1295 952 1357 terrestria
995 1293 1419 1369 maritimaque
1458 1302 1672 1368 essent
1697 1303 1758 1355 et
1785 1295 1845 1354 in
1876 1311 2032 1370 quas
2059 1311 2166 1356 res
2195 1312 2338 1358 ero·

366 1387 677 1456 garentur,
709 1379 1150 1451 animadvertit,
1190 1385 1251 1438 et
1281 1377 1429 1453 quid
1457 1393 1670 1438 eorum
1699 1379 1988 1439 ordinarii
2014 1381 2106 1440 rei
2134 1380 2339 1455 publi-

372 1481 483 1525 cae
539 1480 693 1525 usus
753 1468 1212 1536 consumerent,
1285 1469 1576 1538 quantum
1631 1463 1950 1537 peculatus
2009 1473 2337 1538 averteret,

371 1549 656 1608 omnibus
705 1548 973 1609 residuis
1021 1545 1303 1623 pecuniis
1348 1544 1582 1606 exactis
1595 1590 1612 1620 ,
1665 1545 1889 1607 tributo
1932 1547 2190 1621 privatis
2237 1564 2337 1608 re-

368 1631 594 1702 misso,
646 1631 799 1690 satis
846 1631 1213 1706 locupletem
1251 1645 1384 1691 rem
1425 1628 1734 1705 publicam
1773 1630 1908 1690 fore
1947 1631 2028 1690 ad
2067 1631 2336 1706 vectigal

369 1713 812 1789 praestandum
837 1714 1132 1775 Romanis
1171 1713 1587 1788 pronuntiavit
1619 1713 1680 1773 in
1713 1715 2023 1786 contione,
2068 1723 2130 1776 et
2157 1731 2338 1790 prae-

370 1796 520 1858 stitit
557 1796 948 1874 promissum.
1016 1806 1145 1858 tum
1182 1812 1332 1858 vero
1372 1797 1414 1857 ii
1457 1814 1616 1872 quos
1654 1807 1914 1872 paverat
1953 1813 2065 1874 per
2099 1798 2340 1874 aliquot

372 1898 569 1943 annos
612 1881 891 1956 publicus
933 1881 1250 1957 peculatus
1278 1883 1446 1942 velut
1473 1882 1652 1942 bonis
1684 1882 1940 1958 ereptis,
1983 1898 2109 1943 non
2141 1883 2336 1944 furto-

368 1984 507 2027 rum
545 1964 847 2026 manubiis
890 1965 1143 2028 extortis
1184 1964 1409 2028 infensi
1435 1973 1510 2041 ‚et
1546 1965 1683 2026 irati
1721 1966 2034 2028 Romanos
2075 1965 2135 2027 in
2166 1966 2329 2029 Han-

368 2050 651 2124 nibalem,
682 2058 744 2110 et
768 2049 945 2124 ipsos
976 2064 1230 2111 causam
1256 2049 1382 2109 odii
1413 2050 1780 2125 quaerentis,
1806 2050 2198 2125 instigabant.
2245 2052 2332 2113 ita

367 2134 477 2195 diu
505 2141 887 2209 repugnante
907 2133 971 2193 P.
998 2132 1288 2207 Scipione
1307 2134 1618 2208 Africano,
1651 2134 1755 2209 qui
1785 2150 2001 2209 parum
2025 2150 2107 2194 ex
2137 2136 2335 2210 digni-

377 2225 493 2281 tate
535 2217 753 2294 populi
778 2215 1039 2279 Romani
1068 2232 1212 2277 esse
1240 2217 1505 2278 ducebat
1533 2216 2116 2279 subscribere-odiis
2147 2234 2335 2280 aecu-

371 2310 645 2365 satorum
686 2301 1071 2377 HannibaliS,
1114 2308 1175 2361 et
1213 2299 1580 2362 factionibus
1623 2300 2214 2378 Carthaginiensium
2242 2304 2332 2363 in·

372 2402 581 2448 serere
601 2387 906 2463 publicam
922 2385 1360 2457 auctoritatem,
1377 2399 1490 2445 nec
1512 2385 1662 2445 satis
1684 2384 1913 2447 habere
1924 2386 2086 2447 bello
2100 2387 2336 2448 vicisse

368 2471 799 2545 Hannibalem,
852 2469 970 2530 nisi
1016 2469 1186 2530 velut
1233 2475 1628 2531 accusatores
1680 2470 2044 2531 calumniam
2085 2470 2148 2530 in
2191 2486 2336 2532 eum

368 2552 640 2614 iurarent
667 2569 741 2613 ac
764 2567 987 2613 nomen
1012 2552 1334 2625 deferrent,
1362 2552 1607 2613 tandem
1628 2554 2033 2629 pervicerunt,
2057 2561 2122 2615 ut
2146 2556 2336 2629 legati

364 2636 793 2711 Carthaginem
813 2636 1203 2711 mitterentur,
1237 2636 1342 2712 qui
1364 2637 1446 2696 ad
1468 2645 1747 2699 senatum
1770 2653 1986 2699 eorum
2005 2646 2337 2713 arguerent

364 2719 769 2780 Hannibalem
792 2736 929 2781 cum
942 2721 1247 2782 Antiocho
1266 2735 1417 2794 rege
1432 2721 1689 2782 consilia
1701 2720 1844 2783 belli
1868 2721 2134 2784 faciendi
2155 2722 2334 2785 inire.

363 2803 549 2877 iegati
587 2810 712 2864 tres
751 2803 957 2879 missi,
999 2805 1104 2869 Cn.
1139 2804 1434 2867 Servilius
1468 2804 1550 2865 M.
1582 2803 1870 2867 Claudius
1897 2806 2229 2871 Marcellus
2261 2809 2331 2884 Q.

358 2886 683 2947 Terentius
708 2886 933 2949 Culleo.
981 2890 1245 2964 quicum
1270 2890 1695 2967 Carthaginem
1715 2892 2053 2967 venissent,
2077 2909 2161 2954 ex
2179 2909 2329 2953 con-

364 2970 504 3031 silio
546 2968 929 3033 inimicorum
955 2972 1311 3034 Hannibalis
1344 2975 1781 3049 quaerentibus
1811 2992 2067 3040 causam
2095 2977 2330 3039 adven·

363 3064 463 3115 tus
493 3055 614 3117 dici
643 3053 957 3117 iusserunt
982 3057 1232 3117 venisse
1261 3073 1334 3118 se
1361 3060 1445 3117 ad
1472 3059 1960 3136 controversias,
1998 3077 2160 3139 quae
2189 3077 2332 3125 cum

362 3138 697 3201 Masinissa
714 3154 863 3215 rege
882 3139 1276 3201 Numidarum
1299 3141 1897 3217 Carthaginiensibus
1919 3154 2148 3219 essent,
2181 3144 2330 3207 diri-

359 3223 637 3285 mendas.
681 3224 747 3284 id
776 3222 1072 3285 creditum
1101 3226 1309 3299 vulgo.
1352 3242 1542 3287 unum
1562 3227 1962 3290 Hannibalem
1992 3245 2064 3290 se
2091 3231 2220 3306 peti
2249 3231 2330 3291 ab

362 3305 658 3365 Romanis
708 3321 835 3365 non
881 3308 1155 3379 fallebat,
1215 3314 1278 3367 et
1321 3309 1405 3369 ita
1453 3325 1672 3384 pacem
1720 3312 2330 3389 Carthaginiensibus

361 3384 569 3445 datam
596 3400 768 3457 esse,
799 3395 868 3448 ut
893 3390 1263 3465 inexpiabile
1290 3393 1515 3454 bellum
1543 3394 1848 3458 adversus
1877 3412 1951 3457 se
1975 3414 2170 3459 unum
2196 3413 2329 3459 ma-

360 3475 552 3524 neret.
607 3468 815 3543 itaque
843 3471 1063 3530 cedere
1090 3476 1350 3549 tempori
1379 3483 1440 3536 et
1469 3477 1744 3540 fortunae
1773 3480 2010 3557 statuit,
2053 3497 2115 3543 et
2135 3496 2330 3560 erae·
