2548 3950
595 248 826 310 LIBER
845 249 1052 308 XXXI.
1099 247 1262 309 CAP.
1293 255 1379 312 45.
1403 257 1491 313 46.
1532 257 1605 325 [a.
1630 256 1694 309 c,
1718 257 1845 324 200]
2103 252 2185 315 41

225 404 348 482 piis
379 399 662 476 adgressi
691 401 925 474 urbem,
968 415 1105 460 cum
1133 401 1338 461 multis
1368 394 1724 463 vulneribus
1754 405 1986 479 repulsi
2014 433 2101 446 ——
2128 413 2190 465 et

226 495 359 550 erat
399 484 669 546 validum⁴
708 483 791 544 ibi
829 484 1064 559 regium
1106 485 1482 560 praesidium
1504 486 1775 548 -irrito
1820 489 2063 564 incepto
2092 505 2186 549 re-

226 570 431 650 gressi
472 568 552 630 ad
573 567 1010 629 Canastraeum
1035 567 1313 629 Pallenes
1340 569 1657 630 traiecere.
1722 571 1867 631 inde
1895 581 2191 648 superato

223 659 509 718 Toronae
557 651 975 728 promunturio
1026 652 1387 728 navigantes
1427 654 1770 716 Acanthum
1809 656 2059 732 petiere.
2106 656 2189 716 ibi

228 741 430 818 primo
457 751 606 813 ager
632 742 928 811 vastatuS,
958 736 1182 797 deinde
1209 737 1349 812 ipsa
1374 738 1523 799 urbs
1544 739 1605 797 vi
1632 747 1813 816 capta
1832 755 1906 802 ac
1930 740 2187 816 direpta.

228 840 346 885 nec
383 823 544 884 ultra
583 820 902 897 progressi
934 853 1009 872 -η
1038 820 1158 880 iam
1201 821 1357 880 enim
1388 830 1450 882 et
1482 839 1705 898 graves
1736 825 1971 900 praeda
1996 840 2189 886 naves

226 907 536 980 habebant
555 937 638 950 -—
660 911 843 978 retro,
875 905 1040 965 unde
1066 912 1380 978 venerant,
1414 905 1725 966 Sciathum
1755 914 1815 967 et
1842 909 1920 968 ab
1942 907 2194 970 Sciatho

227 992 542 1053 Euboeam
571 995 874 1065 repetunt.

399 1074 606 1134 XLVI.
659 1073 750 1134 Ibi
797 1073 1009 1134 relicta
1057 1074 1260 1134 classe
1312 1072 1523 1133 decem
1571 1073 1833 1137 navibus
1884 1076 2193 1152 expeditis

231 1161 432 1221 sinum
455 1157 778 1219 Maliacum
819 1158 1122 1218 intravere
1164 1157 1244 1217 ad
1287 1159 1761 1233 colloquendum
1790 1175 1929 1221 cum
1956 1161 2189 1229 Aetolis

232 1246 314 1306 de
338 1243 576 1304 ratione
603 1241 857 1318 gerendi
884 1241 1046 1302 belli.
1099 1241 1393 1320 Pyrrhias
1418 1243 1677 1304 Aetolus
1704 1243 1997 1321 princeps
2027 1245 2189 1320 lega·

229 1329 416 1391 tionis
467 1327 599 1387 eius
642 1327 782 1400 fuit,
837 1341 996 1402 quae
1035 1325 1116 1386 ad
1157 1326 1667 1387 communicanda
1708 1328 1966 1390 consilia
2003 1329 2182 1388 Hera·

233 1413 428 1474 cleam
458 1427 592 1472 cum
620 1425 770 1486 rege
798 1416 859 1470 et
886 1425 1024 1471 cum
1052 1411 1330 1470 Romano
1352 1411 1553 1485 legato
1582 1411 1766 1472 venit.
1833 1411 2086 1486 petitum
2114 1427 2192 1470 ex

231 1497 486 1559 foedere
515 1495 594 1555 ab
621 1495 824 1555 Attalo
853 1503 976 1569 est,
1019 1501 1088 1554 ut
1112 1495 1276 1555 mille
1301 1493 1522 1554 milites
1552 1499 1923 1569 praestaretz
1964 1500 2197 1558 tantum

233 1581 396 1642 enim
420 1593 738 1640 numerum
767 1578 988 1639 bellum
1016 1577 1371 1653 gerentibus
1398 1570 1703 1640 advers-us
1722 1578 2067 1656 Philippum
2090 1579 2194 1640 de-

230 1665 432 1726 bebat.
478 1662 541 1723 id
570 1662 856 1739 negatum
881 1662 1135 1736 Aetolis,
1170 1662 1341 1738 quod
1369 1662 1453 1722 illi
1483 1678 1733 1740 quoque
1760 1665 1992 1738 gravati
2023 1664 2197 1740 prius

233 1754 449 1810 essent
487 1748 568 1808 ad
606 1748 1024 1823 populandam
1048 1746 1477 1808 Macedoniam
1516 1747 1716 1822 exire,
1762 1764 1884 1824 quo
1920 1753 2200 1826 ternpore

230 1831 513 1908 Philippo
559 1832 724 1892 circa
747 1832 1109 1907 Pergamum
1149 1838 1366 1892 urente
1407 1847 1589 1892 sacra
1631 1833 2014 1908 profanaque
2054 1833 2195 1892 abs·

220 1915 476 1981 trahere
523 1931 665 1978 eum
719 1916 864 1978 inde
917 1921 1206 1995 respectu
1261 1931 1467 1977 rerum
1522 1932 1771 1978 suarum
1828 1915 2197 1992 potuissent.

229 2002 319 2063 ita
353 2001 556 2062 Aetoli
600 2017 738 2062 cum
777 2017 892 2077 spe
931 2002 1127 2077 magis
1166 2000 1461 2062 Romanis
1504 2001 1708 2063 omnia
1749 2001 2199 2077 pollicentibuS‚

238 2100 424 2163 quam
456 2100 593 2146 cum
623 2086 850 2148 auxilio
881 2086 1134 2147 dimissi.
1191 2086 1493 2161 Apustius
1528 2101 1665 2147 cum
1695 2086 1899 2147 Attalo
1932 2085 2012 2146 ad
2041 2085 2197 2145 clas·

233 2186 366 2231 sem
393 2169 569 2229 redit.
1494 2174 1500 2178 '

403 2254 558 2314 Inde
598 2253 807 2329 agitari
849 2254 929 2314 de
973 2252 1131 2315 Oreo
1175 2252 1598 2329 oppugnando
1641 2259 1946 2327 coeptum.
1992 2250 2199 2310 valida

233 2354 313 2399 ea
343 2338 557 2399 civitas
587 2343 649 2398 et
674 2337 1015 2412 moenitum,
1045 2344 1106 2397 et
1134 2336 1279 2412 quia
1301 2342 1441 2395 ante
1464 2335 1663 2396 fuerat
1683 2339 1991 2411 temptata,
2020 2334 2199 2395 firmo

233 2430 369 2484 erat
407 2421 743 2497 praesidio.
807 2421 1250 2483 coniunxerant
1290 2435 1362 2481 se
1389 2419 1465 2480 iis
1509 2426 1655 2494 post
1682 2418 2203 2495 expugnationem

221 2505 433 2573 ,Andri
462 2522 603 2567 cum
631 2506 946 2581 praefecto
977 2503 1408 2579 Agesimbroto
1438 2502 1648 2578 viginti
1674 2503 1956 2565 Rhodiae
1981 2518 2197 2577 naveS,

231 2597 434 2651 tectae
483 2603 719 2652 omnes.
789 2604 924 2649 earn
967 2591 1228 2649 classem
1269 2587 1332 2647 in
1376 2588 1700 2649 stationem
1743 2588 1825 2648 ad
1857 2586 2199 2648 Phalasiam

232 2674 534 2734 miserunt
557 2706 648 2718 —
669 2672 1040 2733 Istiaeotidis
1097 2688 1288 2748 super
1335 2672 1783 2733 Demetriadem
1840 2679 2199 2747 promunto-

231 2757 394 2819 rium
439 2764 535 2818 est
569 2763 1030 2833 peropportune
1060 2756 1363 2817 obiectum
1385 2790 1501 2832 -—,
1542 2763 1611 2817 ut
1638 2756 1693 2817 si
1723 2756 1873 2832 quid
1900 2756 2044 2817 inde
2070 2772 2201 2816 mo·

233 2847 455 2902 verent
473 2840 878 2903 Macedonum
905 2856 1115 2916 Πᾶνες,
1146 2840 1206 2899 in
1233 2840 1544 2917 praesidio
1569 2845 1799 2901 essent.
1840 2840 2204 2901 Heraclides

237 2926 589 3003 praefectus
617 2925 826 3001 regius
859 2926 1120 2986 classem
1151 2925 1233 2986 ibi
1261 2925 1525 2997 tenebat,
1556 2924 1751 3000 magis
1782 2938 1896 3000 per
1925 2924 2202 2986 occasio·
2292 2925 2306 2935 “

235 3024 396 3084 nem,
427 3010 482 3070 si
513 3024 698 3085 quam
724 3010 1108 3085 neglegentia
1135 3008 1406 3070 hostium
1440 3008 1736 3083 dedisset,
1778 3022 1961 3084 quam
1990 3011 2205 3082 aperta

237 3092 300 3153 vi
343 3094 673 3169 quicquam
712 3109 1000 3155 ausurus.
1062 3092 1286 3154 Oreum
1325 3092 1556 3154 diversi
1580 3091 1841 3154 Romani
1870 3097 1933 3150 et
1956 3104 2068 3149 rex
2092 3090 2203 3149 At-

235 3178 400 3237 talus
443 3178 913 3255 oppugnabant,
961 3177 1225 3239 Romani
1252 3194 1289 3237 a
1316 3175 1637 3237 marituma
1682 3190 1854 3248 arce,
1900 3172 2054 3248 regii
2096 3172 2202 3232 ad-

233 3276 462 3323 versus
501 3260 723 3321 vallem
763 3260 919 3322 inter
967 3263 1123 3322 duas
1165 3262 1466 3321 iacentem
1505 3274 1714 3333 arces,
1767 3272 1889 3333 qua
1920 3264 1992 3319 ‘et
2028 3272 2204 3318 muro

234 3346 614 3421 intersaepta
639 3345 789 3405 urbs
820 3352 932 3407 est.
990 3352 1052 3406 et
1077 3352 1143 3405 ut
1168 3346 1311 3407 loca
1337 3336 1601 3418 diversa3
1634 3342 1724 3404 sic
1754 3342 1987 3418 dispari
2014 3341 2205 3403 modo

235 3429 420 3490 etiam
463 3430 935 3505 oppugnabant=
999 3430 1315 3490 Romanus
1354 3426 1763 3489 testudinibus
1806 3433 1866 3487 et
1902 3425 2101 3487 vineis
2142 3432 2205 3486 et

233 3514 430 3575 ariete
471 3513 859 3574 admovendo
902 3514 1122 3589 muriS‚
1165 3513 1319 3587 regii
1356 3512 1615 3574 ballistis
1657 3511 2104 3589 catapultisque
2142 3516 2203 3569 et
