2548 3950
359 210 442 273 90
673 209 904 271 LIBER
929 210 1193 271 xxxlli.
1239 210 1406 270 CAP.
1433 219 1487 274 8.
1510 216 1563 271 9.
1607 217 1680 285 [a.
1710 217 1783 270 υ.
1812 235 1859 270 0.
1888 217 2015 285 555]

354 367 582 424 elatus:
627 378 773 424 mox
802 362 1244 438 refugientibus
1276 362 1406 423 suis
1428 368 1487 421 et
1507 371 1740 424 terrore
1760 378 1965 438 verso,
1996 363 2317 441 paulisper

353 449 640 519 incertuS,
670 462 748 506 an
775 447 836 506 in
867 452 1069 506 castra
1093 447 1396 521 reciperet
1424 447 1658 521 copias,
1687 446 2045 521 trepidavit;
2088 447 2315 510 deinde

351 538 420 591 ut
456 529 996 606 appropinquabat
1033 528 1230 589 hostis
1245 575 1260 602 ‚
1304 536 1365 589 et
1408 535 1836 605 praeterquam
1880 531 2050 606 quod
2092 534 2313 593 caede-

350 615 571 674 bantur
619 613 851 687 aversi,
903 627 1018 673 nec
1061 611 1178 672 nisi
1222 613 1695 673 defenderentur
1735 615 1970 674 servari
2010 621 2311 689 poterant,

351 712 430 756 ne
456 696 578 773 ipsi
615 696 861 772 quidem
886 694 950 755 in
982 701 1106 756 tuto
1136 694 1256 755 iam
1273 702 1563 771 receptus
1587 703 1732 770 erat,
1764 704 2016 758 coactus
2039 700 2310 760 nondum

351 781 648 841 adsecuta
686 785 862 855 parte
902 795 1152 840 suorum
1185 777 1525 854 periculum
1552 794 1827 840 summae
1854 796 2058 842 rerum
2086 783 2305 856 facere,

349 863 587 940 equites
609 865 931 938 levemque
946 869 1329 937 armaturam,
1342 863 1449 938 qui
1470 861 1532 923 in
1563 864 1797 939 proelio
1822 865 2077 938 fuerant,
2093 866 2307 928 dextro

347 949 410 1007 in
435 962 628 1008 cornu
649 948 828 1021 locat,
847 946 912 984 **
937 952 1270 1007 caetrat0s=
1302 946 1706 1009 Macedonum
1727 946 2091 1023 phalangem
2112 948 2307 1011 hastis

346 1029 567 1106 positis
583 1077 600 1105 ,
645 1045 898 1106 quarum
928 1029 1244 1106 longitudo
1273 1030 1707 1105 impedimento
1740 1038 1900 1104 erat,
1929 1031 2150 1106 gladiis
2179 1034 2339 1094 rems

346 1127 563 1189 gerere
590 1114 774 1174 iubet.
840 1114 1022 1175 simul
1050 1129 1130 1173 ne
1158 1115 1337 1173 facile
1365 1121 1862 1189 perrumperetur
1890 1115 2058 1176 acies
2074 1162 2090 1189 ,
2134 1115 2303 1196 dimi-

346 1196 514 1257 dium
561 1197 639 1255 de
687 1197 887 1256 fronte
938 1197 1250 1272 demptum
1299 1197 1601 1258 introrsus
1643 1198 1945 1272 porrectis
1989 1197 2303 1260 ordinibus

347 1280 642 1356 duplicat,
684 1286 750 1340 ut
775 1280 962 1354 longa
989 1279 1196 1355 potius
1229 1297 1414 1356 quam
1446 1281 1569 1343 lata
1596 1281 1766 1342 acies
1797 1288 2012 1356 esset,-
2037 1282 2217 1342 simul
2247 1292 2308 1342 et

345 1363 594 1424 densari
618 1361 868 1423 ordines
890 1363 1086 1439 iussit,
1115 1371 1182 1425 ut
1202 1365 1298 1424 vir
1316 1365 1470 1438 viro,
1493 1380 1663 1424 arma
1685 1366 1867 1426 armis
1892 1365 2303 1440 iungerentur.

341 1448 443 1507 IX.
504 1446 818 1521 Quinctius
866 1447 965 1508 his
1013 1449 1116 1523 qui
1157 1449 1219 1507 in
1261 1449 1495 1523 proelio
1548 1449 1787 1509 fuerant
1820 1450 1975 1508 inter
2026 1450 2206 1524 signa
2246 1458 2310 1508 et.

235 1596 239 1600 ,
343 1531 594 1592 ordines
619 1530 892 1605 acceptis
911 1532 1062 1592 tuba
1081 1531 1186 1592 dat
1206 1531 1468 1606 signum.
1508 1547 1648 1591 raro
1672 1533 1825 1592 alias
1846 1539 2050 1593 tantus
2075 1535 2307 1594 clamor

343 1613 564 1674 dicitur
601 1614 665 1673 in
705 1615 1004 1689 principio
1047 1631 1293 1690 pugnae
1333 1621 1617 1676 exortus=
1670 1631 1813 1674 nam
1854 1617 2010 1676 sorte
2042 1616 2305 1691 utraque

343 1697 512 1756 acies
541 1697 724 1757 simul
753 1700 1236 1772 conclamavere,
1277 1714 1393 1759 nec
1421 1700 1623 1760 solum
1653 1699 1757 1773 qui
1784 1699 2158 1774 pugnabant,
2190 1700 2304 1759 sed

341 1778 626 1840 subsidia
653 1778 833 1839 etiam
863 1781 1092 1863 quique
1117 1787 1245 1842 tum
1265 1781 1528 1842 maxime
1548 1782 1609 1841 in
1634 1783 1935 1856 proelium
1955 1781 2301 1843 veniebant.

341 1864 560 1924 dextro
591 1877 785 1925 cornu
809 1879 924 1924 rex
950 1864 1070 1925 loci
1097 1865 1421 1949 plurimum
1452 1866 1677 1926 auxilio
1702 1881 1782 1925 ex
1802 1864 1959 1941 iugis
1984 1865 2301 1927 altioribus

338 1961 625 2023 pugnans
665 1945 976 2019 vincebat;
1030 1947 1278 2010 sinistro
1318 1955 1444 2009 tum
1488 1964 1626 2011 cum
1664 1949 1926 2010 maxime
1966 1952 2302 2026 appropin-

343 2036 570 2106 quante
611 2030 936 2107 phalangis
982 2040 1182 2107 parte,
1228 2048 1389 2108 quae
1430 2033 1749 2093 novissimi
1790 2032 2049 2109 agminis
2080 2033 2288 2112 fuerat,

339 2115 475 2175 sine
503 2114 626 2176 ullo
659 2115 874 2176 ordine
899 2116 1339 2191 trepidabatur.
1395 2117 1598 2177 media
1625 2117 1811 2189 acies,
1858 2133 2019 2191 quae
2045 2118 2294 2193 propior

339 2200 622 2259 dextrum
663 2213 854 2259 cornu
893 2207 1051 2275 erat,
1083 2200 1285 2261 stabat
1321 2202 1674 2275 spectaculo
1715 2202 1882 2261 velut
1918 2199 2065 2261 nihil
2104 2202 2187 2261 ad
2231 2218 2303 2261 se

341 2284 700 2362 pertinentis
730 2299 978 2359 pugnae
1006 2284 1252 2347 intenta.
1296 2284 1565 2361 phalanx
1595 2299 1755 2360 quae
1780 2291 2049 2357 venerat,
2079 2300 2302 2359 agmen

337 2367 532 2442 magis
564 2383 748 2443 quam
775 2368 942 2428 acies
973 2369 1300 2443 aptiorque
1327 2367 1524 2428 itineri
1548 2382 1731 2443 quam
1753 2383 2015 2444 pugnae,
2043 2368 2301 2430 vixdum

338 2451 397 2509 in
429 2450 634 2525 iugum
665 2458 964 2511 evaserat.
1005 2453 1068 2510 in
1095 2451 1212 2511 hos
1241 2451 1686 2527 incompositos
1718 2450 2053 2526 Quinctius,
2084 2467 2299 2526 quam-

279 2586 284 2590 .
341 2548 527 2607 quam
569 2534 790 2608 pedem
826 2534 1162 2595 referentes
1203 2535 1264 2593 in
1307 2535 1523 2595 dextro
1568 2550 1761 2595 cornu
1801 2550 1953 2595 suos
1991 2534 2299 2608 cernebat,

337 2616 679 2691 elephantis
710 2616 880 2691 prius
911 2617 973 2676 in
1002 2617 1242 2678 hostem
1278 2618 1429 2678 actis
1455 2618 1745 2693 impetum
1766 2619 1928 2691 facit,
1958 2624 2131 2679 ratus
2153 2634 2297 2694 par-

335 2708 458 2759 tem
508 2699 894 2775 profligatam
947 2706 1152 2761 cetera
1193 2708 1537 2762 tracturam.
1608 2718 1732 2763 non
1782 2702 1971 2763 dubia
2009 2716 2111 2761 res
2151 2700 2265 2762 fuit
2280 2724 2298 2757 ε

334 2784 645 2857 extemplo
677 2791 850 2857 terga
879 2788 1117 2844 vertere
1147 2783 1539 2859 MacedoneS‚
1576 2792 1810 2846 terrore
1837 2785 2035 2860 primo
2064 2785 2297 2845 bestia·

333 2882 471 2926 rum
517 2865 737 2925 aversi.
801 2870 864 2925 et
903 2867 1088 2927 ceteri
1133 2866 1382 2942 quidem
1422 2868 1539 2927 hos
1581 2870 1798 2944 pulsos
1840 2869 2295 2944 sequebantur;

332 2965 494 3010 unus
524 2964 559 3008 e
584 2946 843 3009 tribunis
885 2948 1140 3010 militum
1179 2966 1256 3009 ex
1298 2957 1574 3024 tempore
1605 2960 1786 3026 capto
1818 2950 2109 3025 consilio,
2155 2967 2297 3012 cum

331 3032 541 3107 viginti
583 3032 898 3107 signorum
937 3032 1224 3092 militibus
1241 3078 1256 3104 ,
1297 3033 1505 3093 relicta
1546 3050 1623 3096 ea
1650 3043 1825 3110 parte
1854 3051 2106 3096 suorum
2134 3051 2298 3109 quae

331 3115 496 3175 haud
519 3116 704 3178 dubie
725 3115 1027 3187 vincebat,
1043 3116 1214 3176 brevi
1238 3116 1492 3178 circuitu
1506 3118 1787 3179 dextrum
1811 3130 2004 3180 cornu
2024 3117 2296 3179 hostium

330 3214 615 3259 aversum
647 3200 897 3260 invadit.
942 3200 1168 3261 nullam
1198 3200 1393 3262 aciem
1424 3201 1503 3261 ab
1531 3207 1703 3277 tergo
1734 3203 1986 3266 adortus
2014 3217 2140 3262 non
2165 3209 2296 3262 tur-

329 3282 574 3342 basset=
618 3291 886 3344 ceterum
915 3284 996 3343 ad
1025 3300 1405 3345 communem
1429 3285 1695 3345 omnium
1722 3286 1785 3344 in
1807 3284 1911 3345 tali
1931 3300 2001 3346 re
2021 3284 2294 3360 trepida·

330 3365 553 3423 tionem
597 3368 863 3425 accessit
902 3368 1068 3439 quod
1111 3366 1383 3441 phalanx
1410 3367 1817 3430 Macedonum
1857 3368 2064 3444 gravis
2106 3374 2295 3441 atque

328 3446 655 3507 immobilis
678 3462 791 3507 nec
813 3446 1228 3523 circumagere
1248 3466 1321 3511 se
1343 3457 1601 3526 poterat,
1624 3465 1739 3511 nec
1759 3450 1880 3513 hoe
1905 3451 2011 3528 qui
2032 3468 2068 3511 a
2092 3450 2295 3512 fronte
