2548 3950
585 278 818 340 LIBER
844 278 1113 341 XXXVI.
1159 281 1324 341 GAP.
1355 286 1405 343 7.
1453 288 1609 356 [mc.
1642 289 1767 357 191]
2030 232 2159 347 227
2234 256 2237 259 ἢ
2296 224 2311 239 '

168 435 398 512 quieto
439 440 629 495 totam
665 433 891 494 molem
932 432 1279 496 sustinebat
1318 433 1492 493 belli=
1546 451 1711 496 nunc
1750 436 1874 499 duo
1904 436 2153 501 maximi
2188 466 2193 471 ·

171 532 368 595 reges
391 518 588 578 Asiae·
603 516 1014 593 Europaeque
1035 517 1270 578 viribus
1296 518 1601 580 adversus
1624 536 1815 580 unum
1834 524 2151 597 populum,

169 612 246 665 ut
273 616 480 662 meam
505 607 828 679 utramque
857 601 1162 663 fortunam
1188 608 1427 662 taceam
1440 647 1455 674 ‚
1486 612 1729 679 patrum
1759 613 1925 666 certe
1954 615 2153 669 aetate

167 703 258 748 ne
305 684 415 747 uni
456 684 703 761 quidem
740 682 1130 761 Epirotarum
1169 684 1303 761 regi
1355 702 1565 761 parem
1600 722 1659 733 -
1711 688 1861 765 quid
1906 691 2153 751 tandem

168 771 299 832 erit
342 768 664 831 vobiscum
705 776 1142 845 comparatus?
1167 802 1244 815 --
1273 770 1499 844 geretis
1526 771 1773 833 bellum.
1841 788 2000 849 quae
2043 774 2150 848 igi-

168 863 282 916 tur
321 868 426 915 res
469 851 615 913 mihi
652 851 942 914 fiduciam
980 855 1239 928 praebet
1267 852 1557 930 coniungi
1596 854 1778 917 nobis
1804 855 2151 933 Philippum

169 942 426 1015 posset
462 952 586 999 una
615 935 956 998 communis
982 937 1239 1011 utilitas,
1288 953 1447 1013 quae
1476 938 1791 1001 societatis
1820 941 2151 1002 maximum

170 1022 497 1083 vinculum
527 1027 650 1092 est3
697 1022 889 1081 altera
917 1029 1204 1083 auctores
1237 1038 1354 1083 vos
1374 1023 1597 1085 Aetoli.
1640 1029 1851 1085 vester
1876 1025 2035 1085 enim
2067 1027 2145 1086 le-

171 1115 368 1184 gatus
395 1104 498 1166 hic
523 1104 728 1166 Thoas
755 1102 914 1165 inter
941 1114 1148 1167 cetera
1175 1122 1339 1180 quae
1365 1108 1446 1167 ad
1477 1106 1845 1169 exciendum
1869 1106 1931 1168 in
1964 1108 2149 1171 Grae·

175 1190 346 1252 ciam
366 1188 740 1250 Antiochum
761 1188 968 1251 dicere
992 1196 1089 1251 est
1110 1189 1348 1264 solitus,
1372 1197 1513 1251 ante
1535 1191 1741 1252 omnia
1760 1192 1881 1253 hoc
1903 1208 2152 1269 semper

175 1272 558 1347 adfirmavit,
602 1273 864 1333 fremere
901 1272 1246 1367 Philippum
1290 1281 1351 1334 et
1389 1290 1575 1350 aegre
1614 1276 1742 1352 pati
1782 1276 1899 1338 sub
1938 1278 2151 1352 specie

177 1358 365 1435 pacis
405 1357 578 1433 leges
622 1356 930 1418 servitutis
972 1354 1092 1417 sibi
1131 1355 1475 1433 impositas.
1537 1359 1640 1419 ille
1692 1358 1943 1435 quidem
1983 1363 2150 1422 ferae

175 1442 424 1504 bestiae
453 1439 694 1503 vinctae
723 1447 829 1502 aut
856 1442 1108 1502 clausae
1137 1450 1199 1503 et
1222 1437 1562 1517 refringere
1592 1443 1859 1504 claustra
1881 1444 2148 1520 cupienti

173 1526 350 1603 regis
377 1524 533 1587 iram
559 1524 766 1585 verbis
799 1525 1126 1601 aequabat.
1171 1525 1347 1587 cuius
1373 1526 1427 1587 si
1448 1526 1587 1587 talis
1611 1526 1853 1589 animus
1880 1535 1993 1600 est,
2026 1530 2139 1590 sol-

179 1624 404 1671 vamus
433 1624 550 1670 nos
581 1609 716 1670 eius
746 1609 990 1669 vincula
1011 1616 1074 1672 et
1095 1610 1363 1671 claustra
1384 1610 1791 1687 refringamus
1805 1657 1821 1686 ,
1856 1619 1925 1674 ut
1951 1627 2148 1673 erum·

183 1708 339 1768 pere
361 1693 468 1754 diu
491 1692 820 1755 coercitam
840 1692 994 1754 iram
1015 1689 1079 1754 in
1097 1692 1312 1756 hostes
1336 1709 1693 1757 communes
1716 1696 1935 1774 possit.
1981 1698 2150 1771 quod

183 1778 241 1845 si
269 1778 418 1838 nihil
448 1794 588 1838 eum
614 1775 838 1853 legatio
869 1784 1080 1840 nostra
1113 1780 1398 1854 moverit,
1442 1787 1504 1839 at
1531 1797 1676 1854 nos,
1721 1778 2011 1861 quoniam
2038 1798 2148 1841 no-

182 1862 282 1923 bis
325 1878 466 1924 eum
503 1860 841 1937 adiungere
881 1878 1005 1924 non
1047 1877 1413 1938 possumus,
1468 1880 1546 1924 ne
1598 1864 1880 1927 hostibus
1920 1866 2149 1926 nostris

181 1946 288 2008 ille
317 1945 566 2022 adiungi
607 1946 810 2023 possit
848 1962 1198 2008 caveamus.
1266 1946 1567 2010 Seleucus
1607 1946 1774 2010 filius
1800 1957 1943 2010 tuus
1968 1947 2147 2026 Lysi-

183 2031 464 2092 machiae
505 2037 630 2102 est;
675 2031 783 2108 qui
823 2029 880 2106 si
907 2047 983 2094 eo
1015 2031 1290 2094 exercitu
1320 2048 1507 2107 quem
1534 2047 1745 2094 secum
1774 2032 1987 2108 habet,
2038 2049 2151 2110 per

182 2114 504 2176 Thraciam
525 2115 808 2190 proxima
826 2113 1229 2176 Macedoniae
1252 2115 1531 2192 coeperit
1550 2117 1935 2193 depopulari,
1969 2119 2148 2179 facile

186 2200 266 2260 ab
297 2198 524 2261 auxilio
553 2199 808 2260 ferendo
831 2199 1126 2260 Romanis
1149 2198 1498 2275 Philippum
1518 2200 1600 2260 ud
1624 2217 1740 2261 sua
1760 2200 2151 2277 potissimum

186 2282 418 2346 tuenda
443 2289 694 2345 avertet.
759 2283 838 2343 d'e
863 2282 1146 2359 Philippo
1174 2297 1373 2343 meam
1402 2283 1763 2344 sententiam
1790 2284 2004 2345 habes.
2071 2285 2150 2345 de

185 2365 426 2428 ratione
464 2363 738 2429 universi
782 2365 930 2428 belli
971 2367 1119 2443 quid
1161 2367 1484 2441 sentirem,
1531 2365 1653 2429 iam
1691 2367 1770 2429 ab
1812 2364 1980 2429 initio
2024 2385 2147 2429 non

185 2450 505 2528 ignorasti.
570 2450 741 2528 quod
782 2449 839 2511 si
877 2457 1006 2512 tum
1054 2450 1300 2512 auditus
1343 2452 1569 2530 sorem,
1621 2468 1746 2514 non
1794 2451 1856 2512 in
1894 2452 2151 2513 Euboea

190 2533 541 2596 Chalcidem
580 2541 821 2610 captam
864 2542 927 2596 et
965 2535 1285 2596 castellum
1309 2535 1527 2612 Euripi
1568 2545 1987 2614 expugnatum
2026 2537 2149 2597 Ro-

186 2617 372 2694 mani,
395 2620 510 2679 sed
529 2619 830 2680 Etruriam
850 2618 1265 2694 Ligurumque
1289 2628 1351 2681 et
1364 2619 1594 2680 Galliae
1610 2620 1955 2697 Cisalpinae
1978 2638 2147 2683 oram

187 2703 352 2764 bello
381 2703 632 2778 ardere,
671 2710 731 2763 et
770 2702 875 2778 qui
916 2701 1220 2764 maximus
1248 2701 1327 2764 iis
1356 2710 1555 2767 terror
1582 2712 1706 2781 est,
1747 2705 2149 2768 Hannibalem

186 2786 252 2847 in
292 2786 462 2847 Italia
509 2802 656 2848 esse
704 2785 1002 2849 audirent.
1066 2803 1230 2850 nunc
1281 2805 1534 2866 quoque
1580 2805 1868 2852 arcessas
1921 2806 2148 2853 censeo

189 2869 391 2932 omnis
431 2871 668 2932 navalis
707 2871 1143 2948 terrestrisque
1169 2869 1430 2950 copias:
1497 2880 1835 2950 sequantur
1884 2877 2149 2937 classem

192 2953 508 3017 onerariae
536 2971 676 3021 cum
707 2954 1166 3018 commeatibus.
1223 2974 1367 3028 nam
1406 2957 1509 3020 hic
1548 2958 1709 3020 sicut
1736 2959 1820 3019 ad
1842 2958 1989 3019 belli
2016 2975 2147 3020 mu·

189 3053 340 3100 nera
377 3039 560 3115 pauci
599 3055 846 3114 sumus,
895 3041 994 3101 sic
1034 3039 1214 3102 nimis
1255 3043 1425 3103 multi
1467 3057 1579 3117 pro
1606 3042 1817 3118 inopia
1846 3056 2147 3104 commea-

189 3133 377 3185 tuum.
423 3139 563 3185 cum
585 3123 784 3186 omnis
805 3132 944 3186 tuas
968 3126 1349 3186 contraxeris
1377 3123 1561 3197 vireS,
1594 3125 1854 3186 divisam
1885 3127 2149 3187 classem

191 3213 427 3284 partem
456 3207 766 3288 Corcyrae
792 3206 858 3269 in
884 3207 1148 3269 statione
1176 3208 1435 3269 habebis
1450 3255 1464 3283 ,
1498 3224 1576 3269 ne
1608 3209 1896 3272 transitus
1925 3210 2149 3272 Roma-

191 3291 290 3353 nis
316 3291 470 3353 liber
509 3307 584 3353 ac
623 3299 788 3354 tutus
833 3299 1068 3368 pateat,
1110 3299 1349 3369 partem
1387 3294 1463 3353 ad
1504 3293 1649 3355 litus
1688 3294 1927 3370 ltaliae,
1978 3294 2149 3370 quod

195 3374 535 3438 Sardiniam
564 3376 959 3453 Alricamque
987 3384 1253 3452 spectat,
1296 3375 1570 3450 traicies;
1618 3377 1756 3454 ipse
1786 3395 1926 3443 cum
1957 3379 2147 3440 omni-

191 3462 311 3522 bus
333 3459 724 3522 terrestribus
753 3459 952 3537 copiis
979 3458 1041 3522 in
1063 3460 1369 3523 Bullinum
1392 3477 1607 3538 agrum
1628 3465 1966 3539 procedes:
2006 3463 2149 3524 inde

191 3545 484 3606 Graeciae
512 3542 900 3622 praesidebis
916 3589 933 3616 ,
963 3552 1028 3606 et
1052 3546 1324 3623 speciem
1345 3547 1645 3609 Romanis
1669 3548 2057 3611 traiecturum
2086 3555 2148 3606 te

1624 3639 1691 3696 15
1706 3633 1740 3670 *
