2548 3950
326 210 454 277 144
632 209 859 270 LIBER
887 209 1153 268 XXXIV.
1202 207 1367 266 CAP.
1390 215 1475 268 23.
1504 216 1591 268 24.
1640 213 1711 281 [a.
1738 213 2033 280 11.0.557]

325 368 586 429 aliorum
631 363 970 424 sententiae
1015 369 1270 436 coeptae
1311 367 1497 420 sunt·
1532 375 1668 421 cum
1695 362 1933 434 legatus
1962 359 2293 420 Athenien-

327 451 516 526 sium,
570 454 862 524 quantum
910 451 1150 522 poterat
1197 443 1409 518 gratiis
1460 444 1717 518 agendis
1770 441 2185 507 Romanorum
2235 445 2296 506 in

329 533 647 606 Graeciam
676 531 890 603 merita
921 529 1259 602 extulisset,
1292 527 1651 602 imploratos
1676 527 1967 589 auxilium
1990 529 2297 588 adversus

324 617 670 692 Philippum
692 615 908 678 tulisse
929 628 1128 688 opem,
1159 627 1282 671 non
1306 617 1557 686 rogatos
1580 613 1737 672 ultro
1764 612 2064 685 adversus
2087 617 2298 689 tyran·

327 717 473 761 num
513 699 724 759 Nabim
771 697 994 771 offerre
1033 694 1356 768 auxilium,
1413 695 1891 770 indignatusque
1932 701 2101 756 esset
2142 695 2299 756 haec

327 792 496 848 tanta
532 783 748 843 merita
787 779 1172 849 sermonibus
1215 785 1417 838 tamen
1463 778 1805 854 aliquorum
1849 779 2051 854 carpi,
2096 780 2299 840 futura

329 865 850 944 calumniantium,
896 879 1034 935 curn
1075 863 1248 938 fateri
1290 862 1495 938 potius
1537 863 2003 940 praeteritorum
2042 863 2300 940 gratiam

328 952 652 1024 deberent,
709 947 1050 1028 apparebat
1097 947 1326 1009 incessi
1376 947 1653 1007 Aetolos.
1724 947 1905 1020 igitur
1942 946 2300 1006 Alexander

327 1035 620 1111 princeps
650 1034 850 1110 gentis
881 1032 1158 1092 invectus
1184 1031 1443 1105 primum
1474 1031 1535 1090 in
1558 1029 1973 1104 Atheniensis,
2003 1029 2299 1090 libertatis

329 1117 866 1194 quondam'duces
898 1124 957 1174 et
983 1122 1286 1187 auctoreS,
1320 1114 1763 1174 adsentationis
1792 1113 2083 1190 propriae
2105 1113 2301 1188 gratia

329 1215 712 1261 communem
737 1215 986 1267 causam
1004 1197 1325 1272 prodentis
1342 1221 1357 1267 ς
1386 1204 1643 1274 questus
1662 1197 1885 1257 deinde
1900 1195 2299 1267 estAchaeos

327 1285 587 1360 Philippi
652 1283 964 1359 quondam
993 1281 1253 1354 ,militem
1300 1282 1380 1360 ad
1423 1287 1801 1360 postremum
1844 1281 2131 1356 inclinata
2166 1281 2299 1341 eius

331 1370 574 1436 fortuna
601 1367 972 1441 transfugaS,
1015 1373 1076 1424 et
1107 1364 1457 1426 Corinthum
1486 1366 1806 1441 recepisse
1836 1373 1895 1427 et
1924 1365 1987 1423 id
2017 1378 2204 1438 agere
2232 1370 2303 1424 ut

328 1455 535 1527 Argos
574 1444 1168 1522 habeantz'Aetolos
1208 1449 1442 1523 primos
1486 1449 1683 1510 hostis
1714 1448 2008 1524 Philippi,
2051 1462 2303 1523 semper

329 1537 554 1611 socios
567 1535 1015 1608 Romanorum,
1057 1538 1274 1608 pactos
1306 1533 1365 1592 in
1401 1533 1651 1608 foedere
1682 1549 1829 1595 suas
1862 1531 2048 1591 urbes
2080 1545 2301 1605 agros-

333 1635 455 1696 que
499 1602 630 1680 fOre
673 1617 915 1679 devicto
943 1579 1258 1692 Philippo,
1306 1616 1576 1679 fraudari
1602 1616 1837 1676 Echino
1884 1623 1943 1676 et
1968 1614 2301 1675 Pharsalo·

330 1701 702 1765 insimulavit
741 1701 974 1761 fraudis
1003 1700 1349 1772 RomanOS,
1396 1700 1566 1777 quod
1610 1717 1769 1761 vano
1801 1700 1972 1761 titulo
2002 1699 2301 1759 libertatis

333 1790 636 1858 ostentato
670 1765 1012 1856 Chalcidem
1057 1790 1116 1842 et
1143 1784 1593 1843 Demetriadem
1634 1783 1965 1859 praesidiis
2006 1789 2302 1858 tenerent,

260 1894 264 1897 ·
337 1869 456 1945 qui
469 1849 770 1942 Philippo,
816 1867 1121 1926 cunctanti
1151 1867 1461 1928 deducere
1492 1866 1636 1926 inde
1669 1867 2009 1942 praesidia,
2053 1865 2306 1926 obicere

331 1967 579 2027 semper
609 1950 772 2015 soliti
801 1950 923 2013 sint
951 1965 1300 2025 numquam,
1335 1949 1535 2023 donec
1564 1951 1903 2012 Demetrias
1936 1949 2303 2026 Chalcisque

332 2045 393 2098 et
416 2034 736 2107 Corinthus
766 2040 1134 2109 tenerentur,
1164 2034 1418 2094 liberam
1444 2034 1761 2095 Graeciam
1784 2036 1937 2095 fore.
1982 2041 2303 2111 postremo

335 2120 482 2198 quia
509 2117 796 2187 manendi
831 2118 894 2179 in
927 2117 1182 2179 Graecia
1209 2119 1635 2195 retinendique
1666 2120 1975 2179 exercitus
2004 2119 2213 2192 Argos
2243 2126 2305 2179 et

333 2202 549 2279 Nabim
593 2218 844 2264 causam
873 2204 1172 2278 facerent,
1215 2203 1611 2278 deportarent
1638 2202 1915 2278 legiones
1944 2203 2006 2262 in
2036 2200 2301 2261 Italiam=

333 2290 590 2357 Aetolos
660 2287 938 2364 polliceri
1005 2294 1110 2349 aut
1165 2285 1631 2349 condicionibus
1702 2292 1765 2346 et
1818 2288 2132 2347 voluntate
2188 2300 2306 2347 sua

331 2372 548 2433 Nabim
595 2370 975 2447 praesidium
1013 2370 1200 2446 Argis
1243 2371 1678 2443 deducturum,
1732 2376 1837 2430 aut
1874 2370 1937 2430 vi
1979 2376 2166 2445 atque
2208 2386 2303 2429 ar-

335 2456 448 2517 mis
501 2461 827 2516 coacturos
864 2454 927 2514 in
973 2459 1279 2527 potestate
1322 2454 1757 2521 consentientis
1804 2454 2099 2530 Graeciae
2139 2467 2302 2513 esse.

333 2540 544 2599 XXIV
575 2536 731 2600 haec
748 2536 1206 2612 vaniloquentia
1246 2538 1506 2632 primum
1534 2538 1926 2599 Aristaenum
1956 2543 2305 2615 praetorem

333 2621 722 2693 Achaeorum
751 2620 1055 2681 excitavit.
1099 2636 1219 2695 „ne
1247 2619 1445 2682 istuc“
1474 2621 2012 2699 inquit‚,1uppiter
2037 2619 2303 2697 optimus

333 2704 637 2768 maximus
667 2703 828 2776 sirit,
872 2703 1151 2779 Iunoque
1179 2704 1410 2783 regina,
1454 2706 1628 2768 cuius
1657 2706 1719 2765 in
1747 2709 1937 2767 tutela
1962 2705 2113 2784 Argi
2144 2712 2305 2779 sunt,

334 2795 402 2851 ut
427 2788 532 2848 illa
573 2786 785 2849 civitas
815 2786 971 2849 inter
997 2795 1328 2866 tyrannum
1354 2789 1915 2852 Lacedaemonium
1945 2798 2007 2853 et
2034 2791 2306 2851 latrones

332 2873 594 2941 Aetolos
621 2871 962 2949 praemium
993 2872 1074 2933 sit
1103 2874 1308 2947 posita
1334 2874 1397 2937 in
1424 2888 1500 2934 eo
1524 2874 1891 2950 discrimine,
1924 2882 1991 2937 ut
2018 2874 2305 2935 miserius

335 2973 374 3017 a
412 2955 591 3019 vobis
638 2956 967 3032 recipiatur
1016 2973 1200 3033 quam
1243 2957 1322 3018 ab
1362 2957 1466 3018 illo
1511 2966 1691 3034 capta
1729 2965 1842 3021 est.
1913 2974 2079 3019 mare
2120 2958 2306 3018 inter-

335 3041 559 3102 iectum
599 3040 675 3101 ab
717 3040 850 3105 istis
894 3041 1312 3117 praedonibus
1354 3057 1479 3102 non
1518 3048 1720 3104 tuetur
1760 3060 1909 3120 noS,
1948 3042 2013 3102 T.
2046 3041 2305 3117 Quincti.

337 3125 515 3200 quid,
557 3125 611 3185 si
639 3125 700 3186 in
747 3123 949 3185 media
975 3124 1407 3202 Peloponneso
1439 3142 1645 3187 arcem
1674 3129 1788 3187 sibi
1820 3127 2101 3201 fecerint,
2144 3126 2305 3186 futu·

335 3224 470 3268 rum
499 3208 678 3269 nobis
709 3214 845 3269 est?
867 3206 1156 3284 linguam
1183 3216 1416 3271 tantum
1448 3209 1820 3271 Graecorum
1847 3210 2103 3283 habent,
2146 3210 2309 3270 sicut

336 3292 609 3366 speciem
630 3290 974 3354 hominum·
959 3333 973 3348 .
1004 3293 1279 3355 moribus
1301 3295 1646 3370 ritibusque
1660 3290 2104 3355 efferatioribus
2122 3307 2307 3369 quam

339 3375 444 3434 ulli
471 3373 733 3449 barbari,
764 3376 946 3436 immo
980 3393 1161 3451 quam
1193 3377 1492 3439 immanes
1523 3378 1769 3451 beluae,
1813 3377 2043 3437 vivunt.
2098 3375 2308 3451 itaque

345 3473 451 3517 vos
482 3473 788 3533 rogamuS,
822 3459 1097 3536 Romani,
1141 3468 1202 3522 et
1230 3461 1308 3522 ab
1335 3462 1571 3542 Nabide
1602 3462 1805 3535 Argos
1833 3458 2217 3537 reciperetis,
2247 3465 2309 3518 et
