2548 3950
375 218 502 282 258
645 218 874 279 LIBER
900 216 1167 277 XXXVI.
1213 214 1379 274 CAP.
1408 222 1495 275 43.
1526 221 1615 274 44.
1664 219 1739 285 [a.
1770 217 1837 269 U.
1869 235 1916 271 c.
1944 217 2069 283 561]

376 375 638 433 classem
665 386 806 442 rex,
851 370 998 445 quia
1024 386 1146 429 non
1177 366 1569 428 interfuturus
1600 368 1803 427 navali
1833 368 2143 427 certamini
2178 380 2355 442 erat,

375 455 750 529 Magnesiam
791 468 951 527 quae
993 454 1072 512 ad
1103 450 1385 527 Sipylum
1422 456 1521 511 est
1558 450 1870 511 concessit
1908 451 1987 511 ad
2016 454 2351 513 terrestris

375 536 590 613 copias
631 536 1098 611 comparandas.
1165 536 1385 595 classis
1420 534 1502 595 ad
1532 533 1875 595 Cissuntem
1901 540 2145 609 portum
2174 536 2347 613 Ery-

371 622 740 694 thra-eorum,
765 628 1074 694 tamquam
1101 618 1184 678 ibi
1214 619 1417 693 aptius
1438 623 1869 692 exspectatura
1889 617 2153 692 hostem,
2186 634 2347 679 con-

374 705 580 767 tendit.
643 704 929 775 Romani,
972 703 1080 762 ubi
1105 697 1368 777 primum
1396 699 1887 775 aquilones—ii
1916 716 2195 777 namque
2226 717 2351 777 per

372 790 606 863 aliquot
654 787 788 845 dies
840 792 1160 845 tenuerant
1185 820 1268 829 --
1299 784 1680 857 ceciderunt,
1734 784 1813 844 ab
1862 785 2011 845 Delo
2063 784 2351 859 PhanaS,

374 879 616 947 portum
646 870 928 931 Chiorum
957 869 1018 929 in
1043 871 1363 944 Aegaeum
1390 882 1559 928 mare
1594 882 1863 940 versum,
1894 876 2141 943 petunt;
2190 870 2349 929 inde

375 958 453 1015 ad
481 955 696 1015 urbem
725 955 1136 1027 circumegere
1164 968 1374 1023 naves,
1408 958 1872 1026 commeatuque
1899 959 2146 1027 sumpto
2172 952 2343 1013 Pho-

375 1054 585 1099 caeam
613 1037 910 1098 traiciunt.
966 1036 1270 1097 Eumenes
1299 1036 1549 1097 Elaeam
1574 1034 1657 1095 ad
1684 1050 1860 1094 suam
1890 1037 2157 1097 classem
2190 1052 2341 1111 pro-

377 1124 602 1195 fectae,
645 1122 862 1195 paucis
903 1126 1045 1194 post
1081 1119 1224 1179 inde
1265 1118 1483 1181 diebus
1526 1134 1666 1179 cum
1704 1126 1985 1193 quattuor
2022 1125 2089 1177 et
2114 1119 2345 1194 viginti

376 1205 633 1265 navibus
675 1204 880 1275 tectiS,
923 1202 1150 1277 apertis
1193 1203 1471 1277 pluribus
1504 1204 1685 1277 paulo
1722 1218 1761 1261 a
1786 1202 2069 1262 Phocaea
2097 1203 2184 1263 ad
2212 1204 2341 1263 Ro·

375 1303 590 1349 manos
634 1286 905 1362 parantis
934 1286 1414 1361 instruentisque
1444 1301 1515 1345 se
1544 1286 1624 1345 ad
1650 1288 1867 1345 navale
1895 1292 2212 1345 certamen
2242 1302 2340 1345 re-

374 1372 502 1432 diit.
563 1372 707 1430 inde
749 1377 990 1430 centum
1031 1369 1304 1445 quinque
1332 1370 1507 1430 tectis
1536 1370 1826 1440 navibus,
1868 1370 2105 1443 apertis
2140 1370 2345 1429 ferme

377 1454 818 1531 quinquaginta
844 1454 1120 1529 profecti,
1153 1454 1347 1528 primo
1378 1452 1766 1535 aquilonibus
1796 1453 2168 1513 transversis
2197 1470 2342 1515 cum

374 1546 734 1613 urgerentur
772 1538 835 1597 in
877 1545 1130 1610 terram,
1174 1538 1551 1611 cogebantur
1578 1537 1744 1599 tenui
1772 1537 2011 1611 agmine
2040 1552 2249 1612 prope
2278 1538 2343 1595 in

377 1622 652 1683 ordinem
695 1622 974 1695 singulae
1012 1636 1204 1681 naves
1244 1621 1365 1689 ire;
1422 1619 1645 1679 deinde
1684 1626 1750 1681 ut
1788 1620 1973 1681 lenita
2015 1620 2343 1695 paululum

373 1706 470 1765 vis
507 1704 671 1763 venti
713 1712 835 1776 est,
879 1704 957 1763 ad
987 1704 1288 1781 Corycum
1318 1711 1587 1777 portum,
1634 1704 1739 1778 qui
1766 1718 1956 1779 super
1986 1704 2339 1765 Cissuntem

375 1793 498 1860 est,
541 1786 742 1847 conati
771 1793 915 1847 sunt
940 1788 1212 1845 traicere.
1276 1786 1484 1847 XLIV.
1525 1786 1973 1863 PolyxenidaS,
2010 1793 2077 1847 ut
2102 1803 2336 1863 appro-

376 1872 674 1945 pinquare
713 1870 908 1931 hostis
950 1870 1217 1931 adlatum
1259 1878 1383 1943 est,
1428 1870 1754 1931 occasione
1787 1870 2100 1945 pugnandi
2132 1872 2337 1931 laetus

375 1955 686 2016 sinistrum
725 1954 862 2030 ipse
903 1969 1098 2015 cornu
1136 1954 1198 2013 in
1239 1956 1425 2016 altum
1466 1954 1763 2028 extendit,
1816 1954 2095 2015 dextrum
2138 1968 2339 2016 cornu

373 2040 720 2114 praefectos
763 2037 1008 2100 navium
1052 2039 1134 2098 ad
1174 2045 1395 2099 terram
1437 2039 1747 2114 explicare
1786 2037 1985 2112 iubet,
2030 2045 2093 2100 et
2130 2053 2335 2112 aequa

372 2123 572 2183 fronte
599 2123 678 2181 ad
719 2137 986 2197 pugnam
1027 2121 1421 2196 procedebat.
1486 2123 1655 2196 quod
1682 2122 1789 2182 ubi
1815 2121 1967 2182 vidit
1991 2123 2335 2196 RomanuS,

368 2208 512 2267 vela
531 2205 834 2266 contrahit
853 2207 1174 2281 malosque
1195 2206 1459 2280 inclinat,
1490 2212 1551 2266 et
1570 2206 1749 2266 simul
1770 2212 2143 2266 armamenta
2164 2220 2331 2266 com-

368 2307 612 2366 ponens
659 2290 974 2366 opperitur
1015 2289 1395 2364 insequentis
1438 2287 1633 2350 navis.
1699 2290 1818 2349 iam
1860 2289 2053 2350 ferme
2085 2288 2331 2362 triginta

371 2376 434 2434 in
463 2375 664 2436 fronte
691 2380 893 2446 erant,
941 2373 1166 2449 quibus
1199 2380 1266 2434 ut
1294 2381 1600 2449 aequaret
1614 2375 1857 2434 laevum
1887 2390 2113 2448 cornu,
2154 2372 2325 2433 dolo-

371 2457 552 2518 nibus
582 2457 802 2518 erectis
831 2458 1016 2517 altum
1037 2464 1246 2532 petere
1267 2457 1539 2528 intendit,
1571 2457 1761 2518 iussis
1787 2458 1892 2532 qui
1916 2457 2329 2534 sequebantur

373 2541 674 2602 adversus
725 2541 1008 2601 dextrum
1047 2555 1240 2602 cornu
1284 2556 1481 2616 prope
1519 2547 1743 2602 terram
1782 2557 2003 2616 proras
2044 2541 2327 2616 dirigere.

369 2624 676 2684 Eumenes
729 2639 946 2698 agmen
995 2625 1270 2700 cogebat.
1344 2631 1609 2684 ceterum
1660 2633 1727 2684 ut
1764 2625 2086 2686 demendis
2134 2641 2325 2686 arma·

371 2707 592 2765 mentis
630 2708 987 2767 tumultuari·
1015 2709 1274 2781 primum
1314 2716 1596 2784 coeptum
1636 2715 1757 2782 est,
1804 2717 1865 2769 et
1892 2709 2058 2784 ipse,
2102 2717 2327 2784 quanta

374 2789 635 2848 maxima
663 2789 967 2850 celeritate
996 2799 1216 2866 potest,
1247 2791 1512 2854 concitat
1538 2807 1748 2852 naves.
1804 2792 1925 2852 iam
1953 2791 2238 2852 omnibus
2266 2793 2325 2850 in

373 2879 713 2948 conspectu
753 2880 940 2934 erant.
1007 2875 1168 2935 duae
1193 2876 1460 2938 Punicae
1498 2891 1689 2936 naves
1731 2876 2179 2936 antecedebant
2202 2876 2323 2936 Ro-

373 2971 614 3018 manam
645 2958 925 3031 classem,
959 2959 1181 3031 quibus
1213 2959 1434 3020 obviae
1461 2967 1585 3020 tres
1616 2961 1859 3021 fuerunt
1883 2958 2093 3034 regiae
2114 2974 2323 3020 naves.

371 3050 432 3102 et
459 3043 614 3101 utin
643 3057 896 3102 numero
925 3041 1170 3116 impari,
1220 3044 1380 3104 duae
1408 3043 1614 3118 regiae
1642 3059 1824 3104 unam
1854 3045 2325 3116 circumsistunt,

371 3135 430 3186 et
479 3125 740 3202 primum
781 3125 859 3186 ab
899 3133 1162 3202 utroque
1207 3129 1399 3188 latere
1442 3142 1647 3190 remos
1700 3127 2049 3202 detergunt,
2100 3127 2323 3186 deinde

372 3210 809 3271 transcendunt
846 3210 1084 3282 armati,
1127 3217 1188 3271 et
1213 3209 1467 3273 deiectis
1498 3211 1827 3286 caesisque
1854 3210 2323 3296 propugnatori·

371 3292 488 3351 bus
528 3307 748 3352 navem
789 3292 1054 3365 capiunt.
1119 3309 1268 3366 una,
1315 3309 1473 3368 quae
1515 3293 1649 3370 pari
1676 3295 1871 3356 Marte
1914 3299 2321 3364 concurrerat,

364 3380 701 3448 postquam
731 3381 972 3448 captam
1001 3377 1248 3438 alteram
1280 3393 1501 3436 navem
1526 3378 1695 3452 vidit,
1726 3379 2087 3453 priusquam
2114 3378 2191 3438 ab
2218 3377 2321 3436 tri-

365 3452 487 3510 bus
529 3456 706 3515 simul
737 3455 1301 3532 circumveniretur,
1342 3468 1507 3520 retro
1540 3462 1619 3521 ad
1652 3464 1913 3524 classem
1941 3462 2181 3535 refugit.
2220 3459 2321 3518 Li·
