2548 3950
605 265 836 329 LIBER
863 269 1156 329 XXXVII.
1200 268 1366 329 CAP.
1391 279 1480 333 41.
1526 278 1600 345 [a.
1633 272 1694 331 C.
1726 280 1850 347 190]
2081 274 2206 337 29?

244 419 394 483 XII.
449 434 562 479 rex
605 416 744 495 ipse
785 420 846 479 in
876 420 1107 483 dextro
1150 439 1339 485 cornu
1367 432 1526 495 erat3
1574 400 1898 489 Seleucum
1927 430 2117 491 filium
2148 438 2208 490 et

242 502 631 577 Antipatrum
661 502 865 563 fratris
888 504 1114 566 filium
1097 522 1159 565 m
1182 508 1362 570 laevo
1386 512 1774 587 praeposuit=
1815 514 2016 574 media
2037 514 2207 573 acies

245 586 443 647 tribus
472 586 793 662 permissa,
822 586 1117 650 Minnioni
1146 597 1207 650 et
1232 592 1490 653 Zeuxidi
1519 599 1581 653 et
1603 594 1885 671 Philippo
1913 598 2208 671 magistro

244 668 729 745 elephantorum.

415 752 652 815 Nebula
676 754 985 828 matutina,
1023 764 1341 819 crescente
1370 758 1470 820 die
1495 760 1741 822 levata
1724 778 1785 821 in
1816 762 2030 836 nubes,
2065 762 2208 823 cali-

242 816 446 913 ginem
471 837 670 909 dedit,
716 836 938 901 humor
957 839 1119 914 inde,
1143 840 1220 901 ab
1244 848 1454 903 austro
1475 844 1660 916 velut,
1692 845 1963 919 perfudit
1985 846 2209 907 omnia.

248 936 411 995 quae
439 920 585 979 nihil
615 922 946 985 admodum
975 924 1302 996 Romanis,
1335 925 1550 985 eadem
1579 929 2084 1023 perincommoda
2111 944 2206 987 re-

244 1005 365 1080 giis
394 1010 585 1064 erant.
640 1020 779 1067 nam
802 1012 871 1067 et
899 1004 1247 1072 ,obscuritas
1277 1008 1432 1069 lucis
1463 1008 1522 1067 in
1555 1010 1688 1071 acie
1713 1010 1960 1071 modica
1985 1011 2208 1071 Roma·

244 1089 345 1149 nis
373 1103 495 1149 non
538 1088 841 1151 adimebat
870 1090 931 1149 in
960 1092 1165 1151 omnis·
1188 1098 1399 1167 partes
1431 1101 1860 1169 conspectum,
1903 1101 1965 1155 et
1990 1093 2214 1155 humor

242 1177 376 1232 toto
434 1172 564 1231 fere
604 1174 775 1246 gravi
812 1182 1047 1236 armatu
1086 1174 1234 1235 nihil
1272 1175 1514 1250 gladios
1556 1182 1662 1238 aut
1699 1179 1824 1253 pila
1851 1177 2212 1239 hebetabat=

242 1254 397 1329 regii
436 1262 561 1317 tam
600 1256 721 1316 lata
763 1255 894 1316 acie
938 1273 1019 1317 ne
1047 1273 1127 1317 ex
1166 1259 1370 1320 medio
1413 1260 1660 1335 quidem
1693 1275 1926 1322 cornua
1953 1276 2068 1321 sua
2097 1261 2210 1320 cir-

244 1338 631 1413 cumspicere
671 1347 980 1414 poterant,
1024 1342 1250 1402 nedum
1291 1344 1547 1403 extremi
1587 1345 1742 1404 inter
1781 1360 1852 1404 se
1889 1343 2208 1418 conspice-

241 1428 483 1496 rentur,
530 1428 589 1481 et
630 1422 846 1483 humor
882 1439 1066 1485 arcus
1110 1426 1460 1500 fundasque
1500 1433 1561 1486 et
1593 1426 1929 1487 iaculorum
1970 1433 2210 1486 amenta
2317 1505 2319 1508 Ι

244 1506 601 1567 emollierat.
658 1506 918 1567 falcatae
948 1522 1201 1583 quoque
1230 1510 1584 1585 quadrigae,
1621 1510 1842 1585 quibus
1871 1526 1943 1571 se
1974 1516 2208 1585 pertur-

243 1590 529 1649 baturum
557 1587 824 1649 hostium
852 1590 1044 1650 aciem
1068 1592 1412 1653 Antiochus
1444 1593 1800 1668 crediderat,
1830 1595 1891 1653 in
1917 1610 2068 1654 suos
2091 1600 2207 1653 ter-

242 1686 453 1733 rorem
481 1677 811 1733 verterunt.
858 1682 1125 1735 armatae
1154 1682 1357 1735 autem
1385 1676 1446 1735 in
1476 1677 1640 1737 hunc
1667 1677 1931 1737 maxime
1959 1676 2211 1738 modum

244 1760 453 1817 erant=
494 1756 786 1830 cuspides
820 1754 985 1817 cirea
1011 1764 1319 1819 temonem
1347 1760 1425 1819 ab
1454 1759 1595 1834 iugo
1613 1761 1841 1821 decem
1872 1759 2076 1822 cubita
2101 1775 2201 1819 ex-

246 1839 467 1901 stantis
508 1840 677 1900 velut
716 1854 947 1902 cornua
982 1841 1325 1917 habebant,
1373 1844 1595 1918 quibus
1631 1844 1931 1919 quidquid
1960 1844 2211 1905 obvium

246 1923 497 1986 daretur
522 1924 969 1998 transfigerent.
1015 1926 1158 1986 etin
1182 1926 1468 1988 extremis
1491 1924 1650 2002 iugis
1675 1926 1856 1988 binae
1878 1927 2043 1988 circa
2065 1926 2210 1988 emi·

244 2007 477 2068 nebant
498 2007 709 2081 falceS,
738 2016 1001 2083 aequata
1024 2009 1167 2084 iugo
1194 2012 1400 2082 altera,
1429 2012 1618 2072 altera
1637 2010 1887 2070 inferior
1907 2012 1968 2070 in
1989 2018 2210 2070 terran-

246 2092 519 2164 devexa,
560 2091 665 2152 illa
700 2097 771 2152 ut
811 2091 1111 2166 quidquid
1150 2093 1228 2154 ab
1256 2094 1445 2154 latere
1473 2093 1818 2155 obiceretur
1845 2093 2212 2166 abscideret,

247 2176 405 2234 haec
435 2180 502 2234 ut
527 2175 859 2250 prolapsos
890 2175 1336 2252 subeuntisque
1375 2177 1768 2253 contingeret.
1811 2177 1956 2238 item
1976 2177 2058 2238 ab
2082 2179 2211 2236 axi-

244 2259 369 2320 bus
407 2255 677 2320 rotarum
718 2260 1024 2333 utrimque
1061 2258 1244 2321 binae
1283 2262 1501 2322 eodem
1530 2261 1716 2322 modo
1747 2261 2032 2322 diversae
2061 2259 2209 2319 deli-

247 2342 549 2418 gabantur
571 2341 781 2402 falces.
826 2344 919 2404 sic
940 2351 1205 2404 armatas
1230 2342 1580 2420 quadrigas,
1613 2344 1756 2418 quia
1778 2343 1833 2404 si
1855 2344 1917 2403 in
1939 2349 2218 2402 extremo

250 2426 447 2486 autin
489 2426 693 2488 medio
735 2428 975 2488 locatae
1004 2428 1233 2502 forent,
1277 2443 1390 2502 per
1417 2443 1572 2488 suos
1601 2428 1877 2502 agendae
1906 2433 2108 2502 erant,
2152 2427 2215 2485 in

252 2507 452 2586 prima
492 2507 655 2585 acie,
697 2517 765 2571 ut
797 2518 937 2573 ante
965 2511 1190 2572 dictum
1220 2517 1346 2584 est,
1385 2513 1696 2571 locaverat
1722 2525 1851 2570 rex.
1915 2511 2082 2583 quod
2109 2511 2216 2570 ubi

246 2591 557 2654 Eumenes
607 2593 786 2668 vidit,
832 2593 1001 2654 haud
1038 2594 1288 2668 ignarus
1327 2609 1601 2669 pugnae,
1655 2601 1715 2653 et
1759 2609 1941 2668 quam
1984 2607 2215 2666 anceps

252 2682 425 2736 esset
450 2675 663 2736 auxilii
690 2692 921 2752 genus,
958 2676 1013 2737 si
1044 2679 1182 2753 quis
1212 2693 1506 2754 pavorem
1533 2676 1730 2752 magis
1759 2675 1938 2752 equis
1966 2675 2220 2737 iniceret

253 2775 440 2836 quam
468 2758 630 2820 iusta
658 2759 1002 2822 adoriretur
1027 2776 1253 2836 pugna,
1287 2760 1608 2824 Cretenses
1637 2759 1987 2836 sagittarios
2017 2759 2216 2820 fundi-

252 2851 549 2919 toresque
572 2849 632 2903 et
651 2843 1017 2906 iaculatores
1033 2841 1099 2882 **
1114 2843 1386 2919 equitum
1408 2861 1531 2906 non
1557 2846 1868 2907 confertos
1895 2844 2008 2904 sed
2033 2859 2220 2918 quam

252 2927 517 2988 maxime
548 2934 806 3001 possent
833 2926 1156 3004 dispersos
1182 2944 1509 2992 excurrere
1536 2928 1722 3002 iubet,
1751 2935 1910 2989 etex
1933 2925 2222 2988 omnibus

254 3009 437 3074 simul
477 3010 753 3085 partibus
792 3013 917 3072 tela
952 3011 1253 3088 ingerere.
1318 3013 1475 3072 haec
1500 3014 1670 3073 velut
1697 3011 1970 3086 procella
1996 3009 2219 3085 partim

252 3091 611 3155 muneribus
650 3095 975 3159 missilium
1002 3095 1272 3170 undique
1301 3095 1714 3156 coniectorum
1745 3091 1964 3168 partim
1994 3095 2217 3152 clamo-

250 3175 427 3238 ribus
468 3175 742 3240 dissonis
786 3178 872 3240 ita
914 3176 1331 3241 consternavit
1369 3192 1566 3252 equos
1585 3223 1599 3251 ,
1654 3182 1718 3237 ut
1758 3184 2014 3251 repente
2051 3175 2221 3234 velut

253 3257 537 3321 effrenati
575 3263 815 3338 passim
856 3264 1086 3324 incerto
1126 3277 1314 3322 cursu
1354 3262 1686 3330 ferrentur3
1732 3275 1993 3336 quorum
2027 3259 2220 3332 impe-

252 3351 358 3405 tus
386 3352 448 3406 et
485 3345 642 3406 levis
685 3353 992 3407 armatura
1018 3352 1079 3406 et
1105 3345 1376 3421 expediti
1403 3343 1744 3405 funditores
1775 3350 1837 3403 et
1859 3344 2046 3403 velox
2077 3339 2221 3400 Cre-

252 3429 453 3490 tensis
479 3438 789 3492 momento
820 3429 1233 3498 declinabant3
1279 3434 1339 3489 et
1368 3443 1562 3504 eques
1592 3426 1978 3502 insequendo
2001 3426 2220 3486 tumul-

252 3518 384 3572 tum
414 3528 489 3574 ac
520 3527 815 3588 pavorem
844 3513 1021 3590 equis
1050 3512 1442 3584 exuensque,
1475 3518 1536 3573 et
1559 3512 1713 3588 ipsis
1745 3512 1926 3573 simul
1943 3516 2221 3572 conster-
