2548 3950
324 264 450 330 164
598 259 829 322 LIBER
855 257 1122 318 XXXIV.
1169 255 1336 316 CAP.
1358 263 1447 321 47.
1469 262 1558 318 48.
1604 255 1680 324 [a.
1701 259 1770 310 U.
1792 275 1841 312 c.
1864 253 1991 331 558]

319 420 475 480 riam
493 416 839 489 irruperant
853 409 1024 484 Galli,
1048 405 1520 480 resistentisque
1547 403 1915 482 pertinacius
1926 403 2289 468 ,occiderant

317 504 386 563 L.
417 497 796 562 Postumium
837 498 1260 569 quaestorem,
1304 490 1403 552 cui
1430 490 1753 567 Tympano
1782 488 1894 548 fuit
1920 501 2288 563 cognomen,

321 593 383 646 et
421 583 503 648 Mt
531 581 802 646 Atinium
844 584 906 638 et
941 576 1007 637 P.
1040 570 2179 652 Sempronium·praefectos2socium,
2223 581 2313 634 et-

323 669 632 729 ducentos.
666 664 858 724 ferme
896 660 1139 720 milites.
1201 664 1383 733 capta
1421 656 1511 718 ab·
1541 673 1618 718 ea
1655 661 2063 732 pai-tecnam
2092 664 2287 730 erant,

323 753 522 814 donec
552 748 781 811 cohors
807 743 1307 814 extraordinaria,
1337 741 1531 806 missa
1551 757 1590 801 a
1606 740 1967 804 consulelad
1991 740 2289 804 tuendam

323 832 737 912 quaestoriam
771 837 1026 905 portam,
1060 834 1120 887 et
1147 842 1260 886 eos
1284 824 1399 906 qui
1425 824 1593 904 intra¹
1612 826 2041 888 vallumerant
2062 824 2293 902 partim

323 917 562 980 occidit.
585 915 807 994 partim
848 910 1375 988 expulitcastris,
1416 908 1994 984 etirrumpentibus
2036 909 2289 974 obstitit.

324 1003 566 1064 eodem.
587 1001 1022 1072 fere.tempore
1052 999 1118 1054 et.
1141 993 1548 1072 quartalegto
1563 1009 1715 1054 -cum
1744 992 1984 1054 duabus
2014 999 2293 1057 extract*

324 1085 576 1147 dinariis
628 1081 982 1146 cohortibus
1035 1085 1220 1152 porta.
1259 1077 1482 1152 erupit.
1541 1077 1645 1140 ita²
1667 1075 1847 1138 simul
1898 1076 2012 1138 tria
2034 1077 2326 1152 proelias

325 1169 492 1230 circa
531 1175 738 1228 castra
761 1165 917 1224 locis
942 1161 1329 1228 distantibus.
1348 1167 1551 1234 erant,
1594 1160 2309 1237 clamoresqusstdissoni=

325 1255 403 1314 ad
433 1253 702 1312 incertos
733 1263 994 1310 suorum.
1019 1245 1675 1320 eventusapraesenti
1698 1245 2027 1308 certamine
2048 1244 2320 1308 animos.

323 1335 726 1412 pugnantium
765 1329 1138 1396 avertebant.
1205 1343 1409 1405 usque
1449 1327 1881 1393 ati-meridiem.
1900 1328 2117 1404 aequis
2130 1327 2319 1390 :viri--s

323 1421 442 1481 bus
471 1433 545 1479 ac
574 1415 936 1493 propepari
965 1430 1078 1489 spe
1111 1420 1441 1488 pugnatum
1466 1419 1577 1474 est.
1622 1412 1885 1474 labor-et
1898 1413 2295 1482 aestusmol-

321 1504 406 1563 lia
434 1509 498 1562 et
521 1499 714 1562 fluida
756 1511 1023 1573 corpora
1063 1497 1403 1570 Gallorum,
1446 1500 1509 1556 et
1548 1495 1792 1558 minime
1819 1493 2302 1571 patientiafsitisy

327 1602 470 1646 cum
509 1584 814 1647 decedere
851 1596 1080 1656 pugna.
1104 1580 1444 1655 coegisset,
1486 1580 1569 1639 in.
1580 1595 1819 1656 paucos
1833 1578 2291 1642 restantisdmr

327 1676 533 1746 petum
558 1666 818 1727 Romani
847 1666 1139 1736 fecerunt,
1171 1664 1478 1740 fusosque
1492 1666 1943 1739 compulerunt.
1956 1663 2018 1724 in
2034 1669 2295 1728 castra:

325 1753 574 1825 signum
595 1749 742 1808 inde
769 1747 1041 1822 receptui
1070 1747 1148 1807 ab
1174 1747 1663 1810 consule.datum
1683 1755 1811 1818 est3
1848 1747 1929 1809 ad
1952 1746 2323 1824 quod2pars.

293 1907 296 1910 p
325 1834 520 1894 maior
541 1838 914 1906 receperunt
941 1846 1116 1902 sese,
1150 1847 1297 1906 pars
1328 1830 1677 1893 certaminis
1692 1831 1909 1894 lstudio
1940 1839 2008 1893 et
2028 1847 2305 1908 spepffi
2322 1885 2343 1892 -

327 1917 520 1979 tiundi
560 1915 776 1975 castris
817 1912 1090 1981 hostium
1125 1913 1390 1988 perstitit
1428 1914 1508 1973 ad
1528 1915 1781 1977 wallum.
1836 1929 2049 1991 eorum
2078 1917 2315 1991 pauci„

327 2007 450 2061 tate
491 2004 836 2075 contempta
878 1997 1031 2058 Galli
1071 1996 1346 2059 universi
1370 2012 1469 2066 ‚ex
1514 1998 2125 2075 castris.eruperunt=
2168 2000 2309 2063 rusi-

328 2086 469 2144 inde
496 2084 788 2156 Romani,
831 2081 1281 2158 quae,imperio
1323 2082 1609 2143 consulis,
1641 2084 1989 2158 noluerant,
2032 2098 2148 2145 suo
2179 2100 2335 2159 pa·.

331 2183 484 2229 vore
510 2183 585 2229 ac
610 2174 846 2229 terrore
875 2171 1076 2228 castra
1099 2173 1401 2242 repetunt.
1446 2166 1531 2227 ita
1558 2165 1727 2243 varia
1750 2167 1895 2228 hinc
1916 2168 2293 2243 atqueillinc

329 2268 493 2313 nunc
522 2253 855 2329 fugamunc
884 2250 1139 2312 victoria
1167 2250 1295 2312 fuit.
1336 2250 1647 2313 Gallorum
1662 2257 1873 2327 :tamen
1901 2252 1981 2312 ad
2003 2252 2321 2315 undecim⁴

325 2337 508 2411 milia,
523 2338 936 2399 Romanorum
960 2334 1234 2411 quinque
1248 2335 1417 2396 milia
1436 2334 2109 2397 suntoccisa..XLV111.
2136 2335 2303 2397 Galli

328 2435 632 2495 recepere.
651 2420 713 2479 in
741 2419 949 2480 intima
988 2417 1201 2478 finium
1242 2434 1419 2493 sese,
1458 2421 1677 2482 consul
1702 2419 2073 2481 Placentiam
2099 2420 2298 2495 legia·

331 2519 448 2563 nes
473 2504 661 2564 duxlt.
715 2501 1069 2578 Scipionem
1098 2503 1199 2563 alii
1230 2503 1556 2567 coniuncto
1582 2505 1856 2566 exercitu
1884 2504 2297 2579 cum-collega

329 2602 443 2661 per
477 2587 769 2649 Boiorum
797 2586 1211 2663 Ligurumque
1241 2602 1427 2663 agros
1456 2590 1855 2665 populantem
1873 2588 2038 2664 isse,
2084 2590 2296 2663 quoad

330 2670 835 2744 progredisilvae
847 2670 1246 2747 paludesque
1267 2672 1662 2747 passaesint,
1684 2672 1972 2748 scribunt⁶
2004 2671 2104 2732 alii
2126 2672 2299 2733 nulla

328 2753 704 2813 memorabili
731 2759 908 2828 gesta
934 2771 1003 2816 re
1031 2755 1289 2815 Romam
1319 2756 1703 2817 comitiorum
1720 2772 1921 2817 causa
1946 2756 2205 2817 redisse.

495 2836 729 2897 Eodem
757 2854 918 2899 anno
946 2840 1012 2898 T.
1045 2839 1359 2913 Quinctius
1387 2839 1643 2914 Elatiae·
1666 2856 1790 2915 quo
1820 2840 2165 2901 in·hiberna
2193 2855 2295 2899 re-

330 2920 590 2981 duxerat
631 2920 877 2998 copias,
921 2930 1114 2983 totum
1152 2923 1369 2985 hiemis
1410 2932 1657 3001 tempus
1683 2926 1817 2986 iure
1844 2924 2117 2986 dicundo
2144 2938 2295 2984 con-

329 3005 618 3079 sumpsit,
669 3006 1102 3083 umtandisque
1151 3008 1226 3068 iis
1267 3023 1451 3083 quae·
1478 3016 1605 3071 aut.
1633 3010 1834 3084 ipsius
1875 3008 2141 3085 Philippi
2190 3016 2300 3069 aut

329 3089 776 3163 praefectorum
805 3090 939 3151 eius
967 3090 1304 3151 licentia-in
1330 3091 1697 3157 civitatibus.
1717 3094 1877 3155 facta
1904 3099 2106 3166 erant,
2153 3108 2299 3152 cum

329 3187 480 3233 suae
518 3172 801 3235 factionis
842 3174 1154 3236 hominum
1193 3175 1361 3237 vires
1402 3178 1689 3252 augendo
1726 3178 1822 3238 ius
1852 3192 1926 3237 ac
1955 3177 2295 3237 libertatem

327 3256 609 3317 aliorum.
638 3256 1066 3332 deprimerent.
1141 3260 1309 3321 veris
1360 3260 1529 3322 initio
1582 3261 1935 3323 Corinthum
1970 3265 2295 3321 ‘conventu

328 3339 530 3399 edicto
557 3340 740 3402 venit.
787 3341 870 3400 ibi
901 3343 1166 3403 omnium
1191 3342 1523 3405 civitatium
1546 3346 1882 3421 legationes
1905 3345 1967 3405 in
1990 3344 2295 3407 contionis

328 3421 575 3481 modum
606 3424 1004 3485 circumfusas
1035 3432 1131 3488 est
1159 3427 1502 3500 adlocutus,
1536 3445 1717 3489 orsus
1747 3429 1824 3489 ab
1854 3428 2004 3489 inita
2030 3428 2296 3505 primum

324 3505 614 3565 Romanis
647 3506 909 3566 amicitia
937 3523 1072 3569 cum
1106 3509 1479 3572 Graecorum
1508 3520 1719 3588 gente,
1766 3520 1827 3573 et
1854 3511 2299 3587 imperatorum
