2548 3950
643 191 876 254 Lmen
903 149 1139 254 xxxii.
1185 193 1349 254 cAP.
1378 201 1465 257 34.
1493 203 1581 256 35.
1626 196 1946 276 [a.c.19⁷]
2208 199 2289 262 79

323 355 386 406 et
432 343 817 418 respondere
869 345 1087 418 placet.
1105 350 1142 378 “
1222 353 1497 406 extrema
1546 344 1681 406 eius
1740 347 1932 408 oratio
1982 349 2290 412 adversus

322 427 615 488 Achaeos
635 426 765 501 fuit,
778 426 838 486 in
865 445 988 502 qua
1008 444 1188 488 orsus
1201 429 1280 488 ab
1294 429 1584 504 Antigoni
1600 429 1877 505 primum,
1905 431 2035 494 suis
2061 433 2288 495 deinde

323 527 476 587 erga
517 519 763 586 gentem
803 526 936 571 eam
977 511 1236 584 meritis,
1282 510 1523 573 recitari
1564 513 1812 574 decreta
1852 531 2064 577 eorum
2105 517 2286 578 iussit

325 592 529 656 omnis
561 592 806 654 divinos
834 595 1258 672 humanosque
1286 595 1559 656 honores
1590 598 1943 672 complexa;
1974 608 2161 674 atque
2190 600 2284 662 eis

323 675 549 738 adiecit
569 692 789 738 recens
815 679 1144 752 decretum,
1171 696 1294 754 quo
1318 679 1395 738 ab
1420 695 1489 740 se
1504 679 1943 741 descivissent:
1974 683 2282 744 invectus-

325 777 447 837 que
475 759 744 836 graviter
771 759 832 820 in
861 761 1183 836 perfidiam
1213 779 1441 834 eorum,
1474 767 1677 839 Argos
1708 773 1910 825 tamen
1942 783 2011 827 se
2040 766 2115 826 iis
2142 767 2283 827 red—

323 845 588 906 diturum
631 843 812 916 dixit3
855 846 934 904 de
977 844 1261 906 Corintho
1306 862 1445 905 cum
1472 845 1838 922 imperatore
1866 851 2144 910 Romano
2176 851 2283 910 de-

321 928 718 989 liberaturum
760 944 934 998 esse,
991 928 1534 1004 quaesiturumque
1574 931 1651 990 ab
1694 947 1770 991 eo
1822 931 2032 1005 simul,
2080 941 2284 993 utrum

320 1011 482 1072 iisne
521 1011 778 1072 urbibus
819 1012 1125 1072 decedere
1166 1029 1237 1072 se
1282 1028 1548 1087 aequum
1578 1023 1860 1087 censeat,
1914 1032 2069 1090 quas
2101 1017 2179 1076 ab
2210 1032 2282 1076 se

322 1093 464 1170 ipso
497 1102 710 1170 captas
739 1095 870 1156 iure
900 1094 1042 1156 belli
1071 1095 1311 1170 habeat,
1344 1111 1423 1156 an
1452 1095 1529 1158 iis
1556 1097 1755 1171 etiam,
1790 1115 1946 1174 quas
1974 1116 2013 1159 a
2038 1097 2279 1160 maiori-

321 1181 438 1239 bus
471 1177 604 1240 suis
627 1177 992 1255 accepisset.

487 1263 728 1323 XXXV.
797 1261 1156 1322 Parantibus
1201 1263 1471 1326 Achaeis
1511 1265 1879 1340 Aetolisque
1930 1266 2011 1326 ad
2059 1281 2135 1326 ea
2182 1281 2269 1326 re-

319 1346 637 1421 spondere
666 1362 804 1406 cum
833 1362 1034 1422 prope
1065 1362 1356 1408 occasum
1388 1350 1484 1408 sol
1522 1355 1719 1422 esset,
1764 1349 1947 1408 dilato
1980 1347 2040 1407 in
2069 1356 2270 1423 poste.

315 1445 453 1490 rum
484 1429 646 1489 dIem
677 1429 988 1505 colloquio
1017 1428 1337 1505 Philippus
1365 1429 1427 1490 in
1460 1429 1813 1504 stationem,
1859 1447 1938 1490 ex
1982 1447 2103 1506 qua
2134 1447 2273 1506 pro-

318 1514 516 1574 fectus
543 1521 688 1588 erat,
713 1513 972 1574 Romani
995 1512 1274 1589 sociique
1295 1513 1358 1574 in
1384 1522 1584 1574 castra
1603 1513 1933 1575 redierunt.
1965 1512 2281 1588 Quinctius

317 1605 570 1673 postero
602 1596 702 1658 die
730 1597 810 1657 ad
837 1597 1124 1672 Nicaeam
1151 1596 1319 1657 —is
1349 1597 1511 1658 enim
1538 1599 1716 1660 locus
1746 1599 2063 1675 placuerat
2084 1632 2170 1642 —
2198 1599 2277 1659 ad

317 1679 715 1742 constitutum
755 1689 999 1756 tempus
1041 1679 1238 1742 venitz
1289 1680 1607 1757 Philippus
1636 1683 1840 1744 nullus
1871 1699 2134 1758 usquam
2162 1697 2279 1742 nee

315 1763 564 1825 nuntius
594 1765 671 1824 ab
701 1779 776 1825 eo
808 1780 922 1840 per
948 1762 1181 1840 aliquot
1209 1765 1395 1826 horas
1434 1765 1749 1838 veniebat;
1793 1776 1853 1827 et
1891 1766 2012 1826 iam
2055 1767 2278 1840 despe-

314 1847 592 1908 rantibus
615 1856 938 1909 venturum
959 1856 1214 1924 repente
1242 1857 1661 1926 apparuerunt
1684 1867 1897 1910 naves.
1928 1859 2115 1925 atque
2139 1848 2279 1924 ipse

317 1929 568 2009 quiden,
598 1947 736 1995 cum
765 1941 886 1994 tam
915 1932 1126 2008 gravia
1155 1940 1216 1994 et
1241 1931 1493 2009 indigna
1522 1933 1995 2010 imperarentur,
2023 1931 2277 2009 inopem

315 2015 559 2077 consilii
583 2015 744 2077 diem
769 2016 1236 2092 consumpsisse
1257 2018 1653 2079 deliberando
1676 2016 1909 2080 aiebat:
1932 2020 2117 2093 vulgo
2146 2033 2276 2077 cre-

314 2100 543 2160 debant
571 2100 650 2160 de
678 2099 977 2162 industria
1005 2117 1134 2160 rem
1162 2101 1223 2159 in
1248 2118 1454 2161 serum
1476 2109 1745 2177 tractam,
1774 2118 1853 2162 ne
1875 2110 2121 2177 tempus
2146 2099 2279 2160 dari

313 2190 538 2259 posset
583 2183 852 2245 Achaeis
901 2183 1264 2258 Aetolisque
1306 2185 1384 2243 ad
1426 2185 1949 2259 respondendum.
2036 2193 2098 2245 et
2140 2200 2277 2243 eam

315 2264 669 2343 opinionem
696 2266 838 2344 ipse
866 2266 1211 2329 adfirmavit
1239 2268 1529 2341 petendo,
1558 2274 1625 2327 ut
1656 2267 1978 2328 summotis
2008 2265 2165 2338 aliie,
2198 2282 2277 2325 ne

313 2358 559 2426 tempus
589 2352 940 2412 altercando
971 2356 1268 2413 tereretur
1298 2358 1359 2410 et
1378 2350 1566 2425 aliqui
1590 2349 1729 2410 finis
1752 2348 1845 2411 rei
1869 2348 2103 2424 imponi
2128 2365 2273 2425 pos·

314 2441 428 2509 set,
459 2450 600 2495 cum
626 2433 764 2510 ipso
795 2434 1164 2511 imperatore
1189 2434 1469 2495 Romano
1500 2432 1711 2495 liceret
1741 2432 1860 2495 sibi
1888 2432 2178 2509 colloqui.
2210 2431 2274 2491 id

310 2517 512 2593 primo
544 2534 668 2579 non
697 2526 1038 2594 acceptum,
1069 2534 1147 2577 ne
1175 2518 1421 2580 excludi
1444 2516 1758 2595 colloquio
1790 2516 2144 2579 viderentur
2173 2533 2272 2577 so-

313 2599 422 2673 cii;
456 2600 598 2663 dein
630 2617 768 2663 cum
797 2602 961 2664 haud
989 2599 1318 2664 absisteret
1346 2611 1579 2679 petere,
1609 2620 1690 2663 ex
1720 2603 1988 2663 omnium
2010 2598 2273 2662 consilio

310 2686 628 2747 Romanus
677 2685 1011 2762 imperator
1061 2701 1198 2747 cum
1245 2688 1363 2763 Ap.
1418 2686 1671 2768 Claudio
1723 2686 1967 2748 tribuno
2018 2684 2273 2745 militum

310 2768 536 2831 ceteris
578 2769 897 2831 summotis
934 2771 1014 2830 ad
1042 2778 1378 2831 extremum
1418 2770 1561 2831 litus
1603 2770 1937 2846 processit=
1977 2786 2092 2830 rex
2136 2784 2275 2829 cum

301 2854 559 2935 „duobus
604 2871 765 2929 quos
806 2853 1005 2930 pridie
1053 2852 1414 2916 adhibuerat
1452 2853 1513 2913 in
1556 2862 1779 2916 terram
1820 2862 1917 2915 est
1954 2869 2271 2929 egressus.

311 2936 398 2996 ibi
427 2953 566 2997 cum
597 2937 972 3013 aliquamdiu
1004 2944 1244 2998 secreto
1276 2938 1465 2999 locuti
1494 2946 1735 3014 essent,
1780 2954 1940 3014 quae
1970 2944 2105 2996 acta
2134 2934 2271 2994 Phi·

309 3018 518 3097 lippus
547 3021 627 3080 ad
650 3037 802 3082 suos
829 3019 1142 3095 rettulerit,
1165 3019 1369 3083 minus
1391 3030 1768 3097 compertum
1792 3029 1906 3081 est.
1952 3016 2271 3092 Quinctius

309 3104 462 3165 haec
491 3104 720 3166 rettulit
747 3106 828 3166 ad
857 3103 1096 3179 sociOS,
1136 3105 1432 3166 Romanis
1462 3122 1602 3165 eum
1634 3106 1856 3165 cedere
1884 3110 2013 3162 tota
2040 3099 2270 3178 lllyrici

310 3204 449 3263 ora,
491 3186 784 3264 perfugas
814 3188 1120 3249 remittere
1149 3204 1224 3248 ac
1255 3188 1310 3249 si
1340 3188 1446 3263 qui
1476 3188 1597 3248 sint
1626 3184 1882 3262 captivi=
1924 3184 2127 3244 Attalo
2160 3200 2266 3242 na-

309 3287 420 3333 ves
460 3280 694 3333 etcum
723 3270 799 3333 iis
829 3279 1046 3348 captos
1083 3271 1321 3332 navalis
1364 3270 1605 3341 socios;
1648 3267 1908 3330 Rhodiis
1949 3264 2265 3341 regionem

309 3370 494 3429 quam
521 3354 792 3417 Peraean
823 3362 1048 3415 vocant
1073 3354 1353 3426 reddere,
1385 3354 1525 3413 Iaso
1554 3361 1613 3415 et
1633 3350 1937 3434 Bargyliis
1968 3366 2093 3411 non
2127 3366 2264 3411 ces·

310 3455 552 3509 surum3
604 3436 842 3499 Aetolis
870 3437 1224 3498 Pharsalum
1251 3435 1649 3512 Larisamque
1688 3436 1979 3509 reddere,
2020 3434 2263 3495 Thebas
