2548 3950
83 3453 198 3467 ‘hv-⁸*

389 204 516 269 182
679 206 912 270 LIBER
937 204 1178 264 xxxv.
1224 202 1392 263 cAP.
1420 209 1474 265 7.
1502 209 1557 263 s.
1580 208 1633 264 9.
1680 201 1753 278 [a.
1778 204 1846 257 υ.
1870 222 1917 259 c.
1940 206 2065 271 559]

387 356 558 421 vario
599 362 800 417 tamen
843 360 1070 415 eventu
1109 368 1228 413 nee
1267 353 1405 413 sine
1442 352 1697 413 militum
1736 350 1965 412 iactura
1995 358 2140 413 sunt
2167 354 2348 413 faeta.

388 440 656 503 maiores
683 444 896 513 gestae
915 454 1018 501 res
1043 452 1086 497 a
1101 437 1181 497 Μ.
1205 436 1439 499 Fulvio.
1483 436 1539 496 is
1565 435 1736 510 apud
1753 435 2029 497 Toletum
2051 435 2349 511 oppidum

389 540 530 587 oum
555 523 860 585 Vaoeeeis
888 521 1396 596 Veetonibusque
1436 528 1499 581 et
1524 518 1846 581 Celtiberis
1884 518 2080 593 signis
2110 519 2345 581 collatis

387 607 724 681 dimicavit,
756 606 1090 669 exercitum
1118 619 1331 667 earum
1359 602 1629 679 genuum
1657 602 1813 665 fudit
1840 602 2229 679 fugavitque,
2256 619 2343 663 re—

384 706 534 767 gem
553 692 867 755 Hilernum
893 690 1103 751 vivum
1132 689 1313 763 oepit

556 775 718 835 VIII.
764 773 911 835 Cum
939 773 1138 833 haee
1122 789 1183 833 m
1213 772 1511 847 Hispania
1538 772 1935 847 gerebantur,
1966 770 2340 833 eonu‘tiorum

385 860 508 921 iam
537 858 870 934 appetebat
895 858 1048 919 dies.
1091 858 1301 931 itaque
1326 856 1395 917 L.
1428 854 1749 919 Cornelius
1774 855 1996 917 οοῐιειιῑ
2026 855 2242 917 relicto
2271 854 2341 914 ad

385 944 722 1005 exercitum
745 942 828 1003 Μ.
860 942 1112 1005 Claudio
1155 940 1655 1015 legato-Romam
1693 940 1877 999 venit.
1934 939 1991 999 is
2032 938 2094 999 in
2136 944 2343 1001 senatu

385 1042 526 1091 eum
559 1028 642 1091 de
663 1027 851 1087 rebus
881 1026 958 1085 ab
987 1041 1058 1085 se
1085 1026 1281 1101 gestis
1304 1024 1717 1098 disseruisset,
1732 1074 1735 1081 .
1750 1038 2003 1099 quoque
2022 1028 2187 1085 statu
2208 1039 2341 1099 pro-

387 1112 590 1173 vincta
617 1118 814 1183 esset,
860 1117 1116 1185 questus
1145 1114 1242 1171 est
1268 1124 1409 1171 eum
1434 1108 1709 1185 putribus
1740 1108 2139 1183 conscriptis,
2180 1106 2343 1183 quod

385 1199 554 1257 tanto
583 1192 745 1257 bello
776 1208 900 1253 una
929 1193 1206 1255 secunda
1243 1208 1454 1269 pugna
1484 1199 1609 1255 tum
1635 1193 1889 1255 feliciter
1913 1194 2197 1268 perfeeto
2226 1208 2343 1253 non

388 1284 560 1340 esset
583 1276 826 1339 habitus
859 1276 975 1339 diis
1005 1277 1449 1339 immortalibus
1478 1277 1701 1339 honos.
1745 1276 2081 1352 postulavit
2108 1276 2341 1349 deinde,

389 1362 900 1441 supplicationem
937 1360 1119 1422 simul
1155 1362 1653 1437 triumphumque
1694 1361 2114 1421 decernerent.
2180 1359 2341 1435 prius

386 1454 594 1511 tamen
621 1462 804 1522 quam
831 1446 1042 1507 relatio
1073 1446 1279 1519 fieret,
1320 1446 1389 1519 Q.
1416 1445 1726 1516 Metellus,
1775 1444 1885 1520 qui·
1910 1446 2134 1506 consul
2162 1444 2340 1505 dicta-

386 1539 615 1606 torque
638 1533 852 1604 fuerat,
889 1530 1120 1591 litteras
1149 1530 1373 1591 eodem
1400 1537 1677 1605 tempore
1706 1528 1859 1589 dixit
1886 1536 1947 1590 et
1976 1529 2251 1591 eonsulis
2281 1528 2339 1589 L.

389 1613 656 1677 cornelii-
693 1614 774 1675 ad
813 1621 1092 1675 sonatum
1133 1622 1194 1676 et
1231 1614 1315 1675 Μ.
1354 1613 1626 1675 Marcelli
1669 1613 1751 1673 ad
1787 1628 2073 1688 magnam
2118 1620 2343 1688 partem

389 1705 743 1759 senatorum
771 1697 1007 1757 adlatas
1037 1712 1181 1759 esse
1208 1698 1368 1759 inter
1394 1714 1465 1759 se
1486 1698 1849 1773 pugnanti&
1880 1712 2085 1773 eoque
2102 1697 2339 1758 dilatam

388 1791 534 1843 esse
575 1780 1110 1854 consultationem,
1161 1789 1230 1843 ut
1268 1781 1701 1858 pmesemihus
1747 1782 2101 1844 auctoribus
2144 1796 2342 1842 samm

386 1866 719 1927 linerat-um
747 1863 1213 1941 diseepturetur.
1257 1868 1467 1942 itaque
1492 1872 1903 1943 exspectasse
1924 1880 2087 1941 sese,
2119 1873 2187 1927 ut
2207 1881 2339 1927 eon·

390 1950 506 2024 sul,
537 1948 642 2026 qui
671 1948 858 2010 sciret
883 1948 962 2010 ab
989 1950 1190 2026 legato
1219 1966 1337 2012 suo
1368 1952 1671 2012 adversus
1693 1966 1764 2012 se
1786 1951 2082 2027 seriptum
2102 1948 2338 2027 aliquid,

390 2049 530 2096 eum
557 2032 679 2108 ipsi
708 2033 1077 2095 veniendum
1105 2041 1291 2108 esset,
1324 2035 1659 2098 deduceret
1678 2051 1821 2097 eum
1844 2049 2057 2098 seeum
2075 2037 2337 2107 Romam,

391 2132 532 2180 eum
571 2115 754 2178 etiam
795 2118 1006 2180 verius·
1044 2126 1211 2181 esset
1237 2119 1323 2180 Ti.
1354 2118 1721 2196 Sempronio
1754 2120 2077 2195 imperium
2104 2116 2340 2181 habenti

387 2202 544 2264 tradi
587 2202 918 2264 exereitum
959 2219 1147 2279 quam
1185 2205 1407 2278 legato.
1477 2221 1640 2266 nune
1678 2203 1875 2264 videri
1914 2219 2061 2266 esse
2088 2211 2339 2265 amotum

388 2287 467 2347 de
501 2286 800 2348 industria
830 2289 934 2364 qui
965 2303 1041 2348 ea
1070 2302 1230 2363 quae
1260 2288 1618 2364 scripsisset
1639 2304 1941 2364 praesens
1964 2289 2229 2358 diceret3
2256 2303 2337 2347 ar-

386 2385 576 2445 guere
605 2387 830 2446 eoram,
863 2379 926 2433 et
953 2371 1008 2432 si
1039 2372 1190 2449 quid
1207 2373 1353 2432 vani
1375 2371 1657 2448 adferret,
1686 2373 1863 2448 argui
1883 2380 2117 2448 posset,
2150 2373 2337 2433 donee

387 2453 469 2514 sd
507 2455 806 2530 liquidum
840 2455 1069 2516 veritus
1109 2460 1433 2532 explorata
1472 2464 1657 2518 esset.
1722 2458 1931 2534 itaque
1960 2457 2109 2516 nihil
2140 2469 2336 2518 eorum

387 2553 546 2613 quae
587 2538 933 2613 postularet
961 2541 1207 2615 consul,
1251 2541 1704 2602 decernendum
1732 2539 1797 2602 in
1826 2541 2182 2616 praesentia
2208 2555 2332 2601 een·

386 2635 546 2681 sere.
604 2637 743 2682 eum
770 2630 1056 2697 pergeret
1082 2623 1270 2686 nihilo
1300 2626 1553 2700 segnius
1579 2626 1812 2686 referre
1826 2671 1843 2700 ,
1886 2633 1954 2687 ut
1980 2640 2099 2701 sup
2104 2624 2333 2701 pueauo

386 2703 820 2765 decerneretur
843 2706 1359 2785 triumphantique
1388 2709 1507 2770 sibi
1534 2710 1749 2772 urbem
1775 2709 1982 2772 invehi
2010 2709 2238 2783 liom’et,
2264 2707 2331 2767 Μ.

386 2795 448 2848 et
476 2786 543 2846 G.
570 2788 768 2849 Titinii
805 2789 1031 2852 tribuni
1071 2794 1273 2868 plebis
1316 2809 1389 2854 se
1428 2794 1914 2870 intercessuros,
1958 2793 2015 2854 si
2057 2795 2137 2853 de
2178 2809 2256 2854 ea
2274 2806 2333 2851 re

383 2871 562 2932 fieret
587 2881 840 2935 senatus
870 2877 1235 2956 consultum,
1267 2878 1573 2940 dixerunt.

553 2958 652 3018 IX.
712 2958 1017 3022 Censores
1060 2970 1235 3023 erant
1271 2963 1478 3037 priore
1521 2980 1683 3025 anno
1730 2963 1916 3023 creati
1958 2961 2106 3022 Sex.
2135 2961 2330 3022 Aelius

382 3039 604 3104 Paetus
635 3051 696 3104 et
730 3043 792 3103 C.
826 3043 1142 3106 Cornelius
1173 3046 1499 3122 Cethegus.
1566 3047 1888 3109 Cornelius
1915 3049 2177 3108 lustrum
2204 3061 2329 3106 eon-

383 3124 553 3188 didit.
608 3142 798 3188 eensa
837 3136 983 3190 sunt
1022 3131 1244 3190 civium
1289 3132 1489 3206 capita
1529 3138 1769 3192 eentum
1799 3131 2205 3206 quadraginta
2234 3130 2331 3190 tria

383 3207 550 3270 milia
589 3212 976 3288 septingenta
1015 3221 1320 3290 quattuor.
1382 3231 1582 3291 aquae
1614 3216 1891 3291 ingentes
1920 3230 1999 3276 eo
2026 3231 2190 3277 anno
2218 3215 2330 3275 fue·

383 3300 551 3367 rnnt,
586 3301 648 3353 et
670 3294 903 3355 Tiberis
932 3298 1073 3356 loca
1101 3300 1289 3371 plana
1314 3300 1484 3359 urbis
1515 3301 1847 3362 inundavit.
1914 3300 2081 3360 eirea
2109 3304 2329 3374 portam

384 3371 840 3435 Flumentanam
895 3380 1074 3438 etiam
1123 3383 1401 3457 collapsa
1451 3385 1755 3458 quaedam
1803 3384 2002 3445 ruinis
2048 3391 2222 3454 sunt,
2280 3388 2330 3440 et

387 3463 566 3525 porta
578 3457 1034 3518 Coelimontana
1055 3463 1305 3524 fulmine
1326 3464 1447 3526 ieta
1468 3473 1584 3541 est,
1596 3483 1939 3544 murusque
1958 3467 2123 3528 eirea
2144 3465 2329 3526 multis
