2548 3950
258 252 382 316 188
548 252 781 312 LIBER
808 250 1050 311 XXXV.
1097 250 1259 309 CAP.
1296 259 1491 313 14.15.
1534 250 1606 327 [a.
1634 256 1699 309 υ.
1726 252 1924 331 masa]

429 403 750 477 ClaudiuS,
790 409 1041 463 secutus
1073 402 1341 462 Graecos
1370 402 1687 463 Acilianos
1714 404 1925 476 librOS,
1962 403 2027 462 P.
2054 406 2221 464 Afri·

255 504 478 549 canum
505 488 565 546 in
594 502 672 547 ea
698 486 892 547 fuisse
922 486 1226 561 legatione
1257 486 1453 560 tradit,
1486 500 1751 561 eumque
1768 487 2001 561 Ephesi
2032 489 2231 549 collo-

255 580 462 633 cutum
506 587 644 631 cum
671 570 1044 639 Hannibale;
1090 576 1152 630 et
1191 584 1536 630 sermonem
1574 586 1763 630 unum
1806 570 1986 630 etiam
2012 572 2231 645 refert,

257 673 380 731 quo
413 654 728 732 quaerenti
756 655 1067 728 Africana,
1101 668 1284 728 quem
1312 652 1508 713 fuisse
1536 654 1865 713 maximum
1892 654 2231 730 imperato-

254 756 385 813 rem
402 739 707 800 Hannibal
738 738 1032 810 crederet,
1063 737 1470 813 respondisse
1490 738 1907 797 Alexandrum
1930 738 2233 800 Macedo-

253 842 398 886 num
441 838 649 898 regem
663 867 677 894 ‚
731 821 913 897 quod.
940 838 1134 897 parva
1173 836 1360 881 manu
1398 820 1869 881 innumerabiles
1911 824 2228 883 exercitus

253 908 546 981 fudisset,
591 906 760 981 quod
787 905 1028 967 ultimas
1059 922 1233 980 oraS,
1266 921 1423 980 quas
1451 906 1657 966 visere
1684 920 1875 981 supra
1902 922 2077 980 spem
2107 906 2227 966 hu-

252 1006 494 1052 manam
516 998 700 1065 esset,
726 998 1137 1065 peragrasset.
1185 989 1501 1064 quaerenti
1524 988 1765 1061 deinde,
1794 1004 1975 1064 quem
1997 1005 2223 1050 secun-

254 1077 399 1135 dum
427 1080 713 1151 poneret,
757 1073 1058 1151 Pyrrhum
1087 1073 1325 1133 dixisse
1352 1080 1553 1133 castra
1580 1072 1795 1133 metari
1818 1074 2077 1148 primum
2107 1075 2225 1135 do-

254 1159 494 1228 cuisse3
538 1157 619 1217 ad
645 1157 766 1217 hoc
794 1156 1097 1216 neminem
1127 1155 1469 1231 elegantius
1498 1158 1638 1217 loca
1666 1156 1910 1232 cepisse
1924 1176 1943 1230 ‚·
1985 1158 2225 1232 praesi-

255 1243 358 1303 dia
405 1242 832 1317 disposuisse;
897 1247 1089 1301 artem
1140 1241 1323 1301 etiam
1370 1240 1736 1302 conciliandi
1776 1240 1895 1300 sibi
1933 1240 2225 1305 homines

254 1342 390 1387 eam
417 1326 730 1401 habuisse,
759 1331 829 1385 ut
848 1325 1092 1385 Italicae
1110 1331 1327 1400 gentes
1348 1324 1514 1400 regis
1538 1324 1773 1386 externi
1798 1340 1982 1401 quam
2001 1328 2223 1401 populi

251 1409 529 1485 Romani,
560 1417 682 1471 tarn
711 1410 818 1470 diu
844 1407 1141 1485 principis
1170 1408 1232 1469 in
1256 1424 1331 1470 ea
1350 1416 1531 1481 terra,
1561 1407 1881 1485 imperium
1905 1424 2048 1469 esse
2066 1412 2224 1470 mal·

253 1498 395 1555 lent.
441 1494 821 1569 exsequenti,
857 1506 1038 1567 quem
1059 1493 1302 1554 tertium
1324 1492 1593 1565 duceret,
1623 1491 1792 1553 haud
1816 1492 1999 1553 dubie
2021 1502 2227 1573 semet

253 1578 458 1654 ipsum
489 1578 741 1638 dixisse.
785 1585 910 1636 turn
939 1576 1132 1644 risum
1161 1577 1443 1637 obortum
1466 1574 1760 1651 Scipioni,
1792 1582 1855 1637 et
1872 1576 2227 1638 subiecisse

253 1663 588 1737 „quidnam
627 1668 694 1721 tu
737 1659 1007 1735 dicereS,
1051 1662 1104 1720 si
1142 1676 1242 1721 me
1282 1660 1545 1719 vicisses
1558 1664 1626 1719 ‘3⁴‘
1680 1668 1846 1735 „tum
1887 1675 2035 1721 vero
2075 1666 2225 1721 me“

253 1746 451 1822 inquit
477 1752 579 1819 „et
608 1751 747 1805 ante
777 1744 1194 1804 Alexandrum
1223 1750 1286 1804 et
1314 1749 1453 1803 ante
1470 1743 1772 1823 Pyrrhum
1802 1750 1863 1805 et
1888 1752 2027 1805 ante
2055 1744 2224 1807 alios

251 1830 450 1890 omnis
497 1829 898 1903 imperatores
941 1833 1145 1888 csse.“
1209 1834 1270 1887 et
1296 1828 1661 1902 perplexum
1689 1828 1916 1889 Punico
1954 1835 2090 1889 astu
2115 1845 2225 1889 re-

254 1929 556 1990 sponsum
598 1919 656 1972 et
695 1912 1099 1987 improvisum
1141 1910 1583 1971 adsentationis
1626 1928 1823 1988 genus
1862 1910 2225 1990 Scipionem

252 1999 557 2068 movisse,
608 1997 773 2072 quod
803 2011 838 2054 e
867 2011 1054 2071 grege
1097 2012 1167 2056 se
1207 1997 1641 2071 imperatorum
1678 1999 1845 2058 velut
1870 1997 2223 2058 inaestima-

254 2080 434 2142 bilem
467 2081 856 2140 secrevisset.
1519 2159 1521 2162 y

423 2166 554 2226 XV.
611 2163 830 2224 Villius
877 2163 953 2222 ab
994 2163 1244 2239 Epheso
1276 2165 1613 2239 Apameam
1657 2168 1981 2240 processit.
2047 2181 2121 2225 eo
2156 2175 2227 2228 et

252 2248 594 2310 Antiochus
619 2247 826 2308 audito
851 2247 1186 2321 legatorum
1199 2248 1615 2309 Romanorum
1636 2249 1906 2312 adventu
1930 2249 2223 2311 occurrit.

249 2337 566 2409 Apameae
608 2331 961 2406 congressis
1005 2330 1368 2406 disceptatio
1409 2332 1627 2392 eadem
1654 2335 1844 2393 ferme
1872 2334 2009 2406 fuit,
2052 2349 2224 2408 quae

250 2418 485 2478 Romae
514 2417 670 2475 inter
695 2414 1034 2489 Quinctium
1063 2421 1122 2474 et
1148 2415 1385 2490 legatos
1414 2415 1579 2490 regis
1610 2417 1823 2479 fuerat.
1868 2434 2035 2477 mors
2057 2433 2220 2476 nun-

249 2502 396 2561 tiata
422 2497 708 2560 Antiochi
749 2498 856 2556 filii
897 2499 1094 2572 regiS,
1141 2515 1323 2573 quem
1364 2499 1618 2559 missum
1650 2502 1833 2575 paulo
1871 2512 2011 2563 ante
2040 2501 2219 2560 dixe-

247 2601 380 2644 ram
411 2585 478 2643 irr
503 2582 762 2660 Syriam,
794 2581 1030 2642 diremit
1059 2583 1385 2658 colloquia.
1435 2598 1693 2658 magnus
1722 2583 1922 2645 luctus
1950 2585 2011 2644 in
2039 2585 2223 2659 regia

250 2668 363 2728 fuit
400 2681 814 2741 magnumque
857 2665 989 2724 eius
1030 2666 1269 2726 iuvenis
1313 2666 1715 2728 desideriumz
1782 2667 1846 2728 id
1888 2669 2067 2728 enim·
2089 2668 2219 2728 iam

251 2751 564 2826 specimen
594 2749 690 2808 sui
715 2749 984 2821 dederat,
1017 2756 1084 2810 ut
1112 2751 1164 2810 si
1188 2751 1312 2811 vita
1335 2749 1575 2826 longior
1600 2752 1974 2827 contigisset,
2005 2754 2218 2824 magni

248 2833 514 2908 iustique
542 2832 707 2908 regis
737 2831 798 2892 in
831 2849 905 2894 eo
937 2834 1204 2894 indolem
1231 2834 1431 2894 fuisse
1460 2844 1803 2909 appareret.
1850 2853 1971 2911 quo
2005 2836 2218 2896 carior

253 2917 692 2993 acceptiorque
722 2919 1002 2978 omnibus
1033 2925 1189 2994 erat,
1231 2933 1306 2978 eo
1338 2934 1504 2978 mors
1538 2918 1670 2979 eius
1702 2919 2053 2995 suspectior
2080 2920 2219 2995 fuit,

249 3018 498 3077 gravem
539 3017 970 3063 successorem
1009 3016 1148 3061 eum
1189 3001 1419 3061 instare
1460 3003 1757 3063 senectuti
1792 3018 1945 3064 suae
1974 3009 2217 3078 patrem

250 3086 598 3146 credentem
629 3101 742 3160 per
771 3086 1084 3161 spadones
1117 3085 1435 3160 quosdam,
1468 3086 1677 3146 talium
1698 3087 2032 3149 ministerio
2059 3087 2217 3146 faci·
2288 3081 2293 3084 ’

247 3186 464 3231 norum
495 3177 786 3244 acceptos
814 3167 1082 3245 regibuS‚
1111 3181 1351 3231 veneno
1384 3169 1731 3230 sustulisse.
1788 3185 1923 3230 eam
1956 3186 2218 3246 quoquo

249 3259 496 3313 causam
528 3255 907 3314 clandestino
932 3253 1185 3313 facinori
1209 3251 1569 3326 adiciebant,
1603 3254 1770 3328 quod
1794 3251 2053 3316 Seleuco
2078 3251 2215 3314 filio

245 3335 694 3412 Lysimachiam
724 3338 1028 3410 dedisset,
1071 3335 1377 3397 Antiocho
1413 3353 1591 3411 quam
1622 3337 1878 3397 similem
1907 3339 2079 3398 daret
2106 3353 2211 3396 se·

247 3419 417 3498 dem,
460 3431 527 3480 ut
556 3421 770 3494 procul
802 3421 878 3479 ab
909 3435 978 3480 se
1005 3420 1242 3481 honore
1271 3436 1411 3480 eum
1443 3436 1692 3496 quoque
1720 3417 2048 3496 ablegaret,
2078 3435 2213 3482 non

244 3501 578 3562 habuisset.
643 3503 846 3576 magni
888 3510 1084 3564 tamen
1129 3507 1329 3565 luctus
1372 3504 1617 3580 species
1662 3521 1777 3581 per
1805 3503 2039 3581 aliquot
2068 3503 2215 3566 dies
