2548 3950
594 232 822 294 LIBER
849 233 1116 293 XXX1v.
1162 235 1326 306 CAP.
1353 244 1404 296 2.
1428 242 1481 293 3.
1506 244 1557 296 4.
1599 241 1760 310 [mc.
1787 243 1911 311 195]
2105 240 2234 305 127

249 386 382 446 tiun
393 391 507 446 tur.
556 382 822 445 omnium
845 399 1046 445 rerum
1070 385 1424 457 libertatem,
1448 384 1628 445 immo
1655 386 1975 462 licentiam,
2001 389 2054 450 si
2079 407 2225 452 vere

249 469 464 529 dicere
497 470 807 538 volumuS,
853 468 1224 528 desiderant.
1286 469 1434 544 quid
1464 470 1643 543 enim,
1675 471 1727 530 si
1756 471 1877 532 hoc
1904 487 2223 549 expugna-

251 550 482 624 verint,
526 567 650 611 non
693 552 1110 628 temptabunt?
1176 553 1273 610 ΙΙΙ.
1318 560 1641 614 recensete
1671 556 1875 615 omnia
1902 557 2223 619 muliebria

248 637 421 709 iura,
465 635 689 711 quibus
719 634 1020 695 licentiam
1049 651 1259 696 earum
1287 635 1688 711 adligaverint
1715 638 1979 699 maiores
2007 643 2222 718 nostri,

252 735 374 795 per
417 734 701 795 quaeque
741 717 1113 779 subiecerint
1151 719 1335 789 viris3
1382 721 1621 794 quibus*
1648 723 1933 783 omnibus
1964 725 2222 785 constri-

251 810 390 864 ctas
418 803 524 862 vix
568 809 767 862 tamen
799 803 1111 863 continere
1141 803 1421 878 potestis.
1496 804 1689 880 quid?
1727 807 1781 866 si
1813 822 2067 882 carpere
2096 807 2222 870 sin·

250 888 401 963 gula
442 893 503 946 et
543 893 910 962 extorquere
952 892 1013 946 et
1046 887 1298 962 aequari
1341 888 1421 946 ad
1462 895 1800 949 extremum
1840 891 1990 950 viris
2034 893 2221 965 patie-

251 971 422 1042 mini,
460 969 807 1030 tolerabiles
837 969 1015 1030 vobis
1046 985 1152 1030 eas
1184 971 1318 1029 fore
1348 971 1639 1032 creditis?
1678 974 2006 1048 extemplo,
2040 975 2221 1036 simul

252 1068 442 1130 pares
474 1069 618 1113 esse
635 1055 967 1128 coeperint,
999 1054 1355 1129 superiores
1379 1060 1571 1114 erunt.
1616 1062 1679 1117 at
1698 1055 1949 1116 hercule
1972 1073 2049 1116 ne
2074 1059 2221 1132 quid

249 1153 485 1198 novum
528 1137 588 1196 in
630 1152 737 1196 eas
777 1145 1028 1213 rogetur
1065 1145 1386 1206 recusant;
1442 1153 1565 1199 non
1604 1139 1734 1214 ius,
1787 1139 1900 1198 sed
1942 1138 2221 1204 iniuriam

250 1223 682 1294 deprecantur.
727 1219 909 1281 immo
939 1229 1006 1282 ut
1035 1237 1221 1297 quam
1249 1221 1580 1297 accepistis
1610 1222 1881 1283 iussistis
1904 1223 2219 1298 suffragiis

249 1303 480 1364 vestris
511 1304 726 1378 legem,
759 1321 942 1380 quam
972 1321 1092 1366 usu
1118 1311 1206 1366 tot
1233 1321 1531 1366 annorum
1561 1314 1621 1366 et
1648 1307 2027 1380 experiendo
2054 1323 2220 1367 com-

252 1387 598 1464 probastis,
650 1387 808 1448 hanc
857 1396 924 1449 ut
970 1389 1313 1463 abrogetisz
1376 1389 1440 1448 id
1482 1396 1578 1449 est
1617 1395 1684 1450 ut
1723 1404 1906 1448 unam
1949 1390 2217 1451 tollendo

251 1474 456 1546 legem
500 1478 737 1532 ceteras
767 1472 1099 1532 infirmetis.
1165 1473 1333 1532 nulla
1360 1473 1462 1531 lex
1492 1471 1643 1532 satis
1676 1472 2000 1531 commoda
2029 1474 2221 1534 omni-

250 1557 373 1615 bus
410 1561 534 1616 est=
579 1555 640 1614 id
670 1556 853 1616 modo
887 1557 1214 1632 quaeritur,
1247 1555 1302 1615 si
1330 1555 1545 1615 maiori
1569 1555 1724 1631 parti
1755 1554 1898 1615 etin
1922 1571 2222 1616 summam

253 1639 532 1715 prodest.
578 1638 631 1699 si
663 1640 831 1714 quod
855 1641 1139 1714 cuiquam
1164 1639 1444 1714 privatim
1467 1638 1696 1698 officiet
1716 1639 1831 1712 ius,
1857 1639 1925 1699 id
1946 1640 2223 1702 destruet

251 1738 336 1782 ac
365 1722 738 1794 demolietur,
773 1723 921 1798 quid
950 1721 1223 1784 attinebit
1249 1722 1578 1784 universos
1596 1737 1820 1798 rogare
1841 1724 2031 1797 leges,
2064 1741 2221 1801 quas

251 1821 404 1865 mox
453 1806 754 1881 abrogare
804 1806 864 1865 in
908 1823 1066 1881 quos
1109 1809 1266 1868 latae
1310 1813 1463 1877 sunt,
1493 1807 1775 1882 possint?
1833 1807 1975 1865 volo
2017 1814 2221 1867 tamen

252 1889 490 1965 audire,
521 1890 670 1966 quid
698 1890 779 1949 sit
817 1896 1067 1966 propter
1099 1891 1268 1966 quod
1292 1897 1606 1951 matronae
1630 1897 2055 1950 consternatae
2078 1907 2220 1967 pro·

253 1974 638 2036 cucurrerint
673 1973 733 2033 in
777 1975 1084 2049 publicum
1123 1990 1197 2034 ac
1226 1975 1333 2035 vix
1362 1975 1497 2037 foro
1530 1990 1601 2035 se
1631 1980 1693 2035 et
1721 1973 2005 2037 contione
2034 1977 2220 2037 absti-

252 2064 463 2119 neant.
526 2065 596 2120 ut
633 2057 858 2134 captivi
898 2059 975 2118 ab
1003 2058 1344 2118 Hannibale
1382 2060 1760 2119 redimantur
1789 2065 2075 2135 parentes
2108 2058 2221 2119 viri

252 2141 433 2202 liberi
463 2142 679 2202 fratres
710 2148 961 2202 earum?
1004 2142 1219 2217 procul
1249 2143 1453 2215 abest,
1490 2141 1775 2217 absitque
1805 2158 2053 2218 semper
2081 2143 2219 2203 talis

254 2226 502 2286 fortuna
539 2225 629 2286 rei
674 2225 985 2301 publicae:
1037 2226 1151 2286 sed
1193 2231 1391 2284 tamen
1434 2240 1571 2284 cum
1614 2225 1754 2297 fuit,
1798 2224 2072 2299 negastis
2100 2226 2222 2285 hoc

255 2309 380 2385 piis
432 2309 719 2384 precibus
760 2325 988 2370 earum.
1051 2316 1114 2369 at
1151 2325 1277 2369 non
1319 2308 1513 2384 pietas
1555 2321 1670 2367 nec
1712 2306 2059 2369 sollicitudo
2107 2325 2219 2383 pro

252 2392 411 2466 suiS,
453 2393 567 2452 sed
595 2392 808 2468 religio
840 2393 1235 2468 congregavit
1262 2407 1399 2462 eas;
1446 2397 1702 2451 matrem
1728 2391 1977 2450 Idaeam
2007 2408 2045 2451 a
2072 2391 2219 2451 Pes·

251 2477 507 2537 sinunte
536 2492 614 2537 ex
641 2477 910 2556 Phrygia
937 2477 1285 2537 venientem
1313 2481 1684 2552 accepturae
1712 2480 1871 2534 sunt.
1934 2476 2081 2551 quid
2108 2476 2218 2535 ho-

249 2566 499 2620 nestum
521 2560 687 2622 dictu
709 2561 924 2621 saltem
954 2560 1241 2621 seditioni
1271 2559 1692 2635 praetenditur
1712 2558 2033 2619 muliebri?
2061 2606 2095 2633 ,,
2114 2567 2222 2635 „ut

252 2660 410 2704 auro
425 2651 486 2704 et
507 2660 780 2720 purpura
805 2645 1188 2719 fulgeamus“
1204 2649 1240 2677 “
1263 2644 1491 2719 inquit;
1523 2688 1560 2716 „
1576 2649 1683 2717 „ut
1708 2644 2017 2718 carpentis
2044 2644 2219 2704 festis

253 2727 677 2804 profestisque
719 2728 969 2801 diebuS,
1013 2730 1180 2788 velut
1220 2727 1661 2803 triumphantes
1693 2727 1773 2785 de
1801 2729 1938 2801 lege
1968 2728 2134 2788 victa
2162 2735 2223 2787 et

254 2811 553 2887 abrogata
582 2818 644 2872 et
672 2811 866 2887 captis
897 2818 956 2871 et
985 2812 1208 2886 ereptis
1239 2810 1551 2886 suffragiis
1580 2810 1837 2892 vestris,
1869 2826 1981 2887 per
2007 2810 2221 2870 urbem

252 2901 603 2964 vectentur3
649 2912 727 2955 ne
754 2896 918 2955 ullus
948 2895 1169 2956 modus
1201 2896 1579 2970 sumptibuS,
1612 2909 1689 2954 ne
1719 2895 1999 2954 luxuriae
2029 2893 2220 2954 sit.““

251 2976 362 3038 IV.
421 2994 652 3055 „saepe
694 2995 792 3038 me
836 2987 1187 3056 querentem
1224 2979 1304 3039 de
1335 2978 1691 3038 feminarum
1732 2992 1923 3052 saepe
1952 2977 2030 3036 de
2058 2978 2217 3035 viro-

249 3078 422 3136 rum,
464 3077 581 3123 nec
621 3063 701 3123 de
741 3063 1119 3138 privatorum
1158 3063 1343 3122 modo
1388 3061 1502 3121 sed
1543 3062 1724 3123 etiam
1755 3059 2219 3133 magistratuum

251 3146 602 3222 sumptibus
632 3145 924 3215 audistis;
971 3145 1361 3220 diversisque
1390 3144 1633 3204 duobus
1664 3142 1843 3213 vitiis,
1877 3141 2130 3201 avaritia
2159 3148 2221 3202 et

250 3229 528 3303 luxuria,
583 3231 884 3292 civitatem
927 3231 1237 3302 laborare,
1294 3240 1455 3303 quae
1502 3232 1712 3301 pestes
1756 3226 1959 3285 omnia
1996 3240 2219 3299 magna

162 3327 170 3332 ·
249 3312 514 3389 imperia
551 3320 917 3375 everterunt.
989 3314 1142 3373 haec
1185 3326 1334 3387 ego,
1380 3325 1504 3385 quo
1547 3308 1763 3369 melior
1789 3309 2127 3384 laetiorque
2156 3310 2215 3367 in

250 3396 393 3458 dies
406 3397 651 3458 fortuna
665 3398 754 3457 rei
778 3396 1059 3473 publicae
1074 3402 1186 3470 est,
1203 3394 1647 3470 imperiumque
1664 3391 1901 3466 crescit,
1916 3425 2003 3437 —-
2020 3400 2079 3452 et
2099 3392 2218 3451 iam

247 3480 318 3541 in
351 3479 669 3541 Graeciam
698 3482 1032 3556 Asiamque
1060 3479 1551 3540 transcendimus
1583 3476 1867 3537 omnibus
1902 3476 2217 3537 libidinum
