2548 3950
612 250 846 311 LIBER
873 248 1114 311 XXXV.
1161 250 1329 311 CAP.
1359 263 1410 311 1.
1437 260 1491 312 2.
1534 254 1606 329 [a.
1634 259 1679 313 c
1728 257 1853 333 193]
2100 252 2222 319 177

254 411 411 481 post
459 400 902 479 profectionem
949 400 1028 461 M.
1075 400 1322 475 Catonis
1371 404 1708 477 permultae
1756 404 2222 481 rebellaverunt,

255 487 482 549 crebra
509 484 703 561 magis
741 501 925 560 quam
953 485 1140 559 digna
1167 484 1334 546 dictu
1361 486 1599 561 proelia
1625 486 1784 562 fecit,
1814 493 1875 546 et
1903 488 2060 551 adeo
2092 490 2222 564 ple-

252 585 458 646 raque
485 568 767 641 adversa,
797 573 866 628 ut
891 568 995 627 vix
1026 568 1338 630 dimidium
1368 570 1622 631 militum
1646 586 1831 645 quam
1852 572 2023 645 quod
2045 588 2222 633 acce-

254 660 438 731 perat
466 650 818 713 successori
847 651 1181 712 tradiderit.
1247 668 1365 713 nec
1393 652 1645 715 dubium
1672 658 1796 726 est,
1845 653 1991 729 quin
2023 657 2221 717 omnis

253 737 559 813 Hispania
587 735 903 797 sublatura
929 736 1168 796 animos
1200 736 1409 808 fuerit,
1441 736 1503 797 ni
1532 739 1682 799 aiter
1708 745 1957 813 praetor
1984 738 2047 799 P.
2077 740 2222 800 Cor—

255 822 460 882 nelius
489 818 596 880 Gn.
623 819 690 880 F.
723 816 932 895 Scipio
971 826 1142 879 trans
1170 819 1411 880 Iberum
1455 822 1643 882 multa
1683 822 1962 883 secunda
1989 825 2223 899 proelia

256 906 540 977 fecisset,
585 920 709 977 quo
745 908 981 963 terrore
1019 918 1144 963 non
1181 904 1381 963 minus
1414 904 1855 980 quinquaginta
1883 908 2115 981 oppida
2143 909 2222 968 ad

255 1004 401 1051 eum
426 988 800 1048 deiecerunt.
868 992 1118 1062 praetor
1144 985 1300 1047 haec
1326 995 1609 1063 gesserat
1636 987 1876 1063 Scipio:
1914 990 2077 1052 idem
2105 1008 2219 1065 pro

253 1079 546 1150 praetore
583 1070 914 1134 Lusitanos
931 1115 947 1144 ,
999 1076 1354 1146 pervastata
1394 1070 1683 1133 ulteriore
1723 1073 2042 1147 provincia
2084 1089 2221 1135 cum

251 1157 486 1232 ingenti
509 1156 743 1231 praeda
767 1155 1012 1216 domum
1035 1155 1367 1229 redeuntiS‚
1400 1154 1462 1217 in
1483 1156 1623 1232 ipso
1642 1156 1857 1217 itinere
1882 1158 2218 1235 adgressus

253 1242 341 1302 ab
379 1240 534 1301 hora
574 1239 750 1300 tertia
795 1238 915 1299 diei
957 1239 1039 1299 ad
1081 1247 1363 1300 octavam
1388 1240 1619 1303 incerto
1654 1248 1878 1304 eventu
1904 1243 2214 1318 pugnavit,

253 1340 515 1386 numero
555 1323 809 1384 militum
851 1324 1077 1398 impar,
1121 1323 1410 1399 superior
1448 1325 1619 1385 aliis=
1669 1340 1809 1384 nam
1852 1332 1912 1386 et
1940 1328 2072 1386 acie
2101 1329 2218 1385 fre-

254 1409 469 1487 quenti
512 1408 760 1469 armatis
801 1407 1102 1469 adversus
1142 1408 1394 1483 longum
1434 1414 1498 1467 et
1521 1408 1877 1483 impeditum
1904 1410 2086 1470 turba
2112 1426 2219 1483 pe-

253 1509 472 1555 corum
518 1507 766 1567 agmen,
819 1497 880 1552 et
926 1489 1157 1553 recenti
1205 1491 1395 1551 milite
1442 1491 1745 1553 adversus
1786 1493 1993 1553 fessos
2030 1493 2214 1567 longo

250 1578 472 1641 itinere
500 1582 912 1637 concurrerat.
955 1574 1134 1636 tertia
1159 1590 1427 1653 namque
1450 1574 1654 1651 vigilia
1674 1575 1951 1637 exierant
1970 1576 2220 1645 hostes;

250 1661 403 1724 huic
430 1668 726 1722 nocturno
757 1659 956 1721 itineri
984 1665 1108 1719 tres
1141 1659 1398 1719 diurnae
1424 1658 1613 1720 horae
1642 1667 2061 1735 accesserant,
2104 1676 2218 1719 nec

247 1746 383 1809 ulla
413 1744 617 1821 quiete
654 1745 795 1804 data
823 1742 1096 1805 laborem
1124 1744 1263 1803 viae
1293 1742 1595 1819 proelium
1622 1751 1969 1820 exceperat.
2012 1743 2219 1819 itaque

253 1828 561 1906 principio
603 1843 845 1904 pugnae
873 1826 1102 1904 vigoris
1133 1828 1366 1904 aliquid
1392 1828 1453 1887 in
1483 1828 1847 1902 corporibus
1878 1828 2219 1903 animisque

251 1914 386 1990 fuit,
417 1920 476 1975 et
502 1914 898 1977 turbaverant
920 1912 1114 1989 primo
1138 1912 1483 1973 Romanos:
1530 1912 1753 1971 deinde
1781 1920 2047 1988 aequata
2065 1927 2217 1988 pau-

249 2001 448 2075 lisper
476 2013 685 2075 pugna
713 2005 826 2059 est.
871 1998 931 2058 in
962 1997 1082 2058 hoc
1112 1995 1461 2057 discrimine
1490 1995 1675 2057 ludos
1699 1996 1849 2070 Iovi,
1882 1995 1935 2056 si
1958 1995 2221 2057 fudisset

253 2083 708 2158 cecidissetque
748 2082 976 2155 hostis,
1024 2088 1385 2157 propraetor
1426 2080 1610 2140 vovit.
1682 2079 1928 2139 tandem
1956 2079 2211 2153 gradum

254 2167 460 2231 acrius
489 2167 746 2228 intulere
775 2165 1038 2228 Romani
1069 2165 1383 2238 cessitque
1409 2163 1759 2234 Lusitanus,
1791 2161 2015 2222 deinde
2043 2177 2215 2236 pror-

253 2269 369 2314 sus
409 2257 583 2326 terga
623 2249 808 2311 dedit.
878 2255 1104 2309 etcum
1134 2247 1500 2308 institissent
1527 2245 1898 2320 fugientibus
1930 2245 2215 2316 victores,

253 2337 337 2398 ad
382 2334 708 2397 duodecim
746 2331 912 2393 milia
951 2332 1218 2393 hostium
1261 2336 1405 2393 sunt
1443 2345 1659 2402 caesa,
1707 2327 1867 2401 capti
1909 2327 2218 2401 quingenti

253 2418 692 2498 quadraginta,
724 2431 938 2478 omnes
969 2417 1096 2476 fere
1126 2415 1397 2495 equites3
1442 2420 1503 2474 et
1530 2413 1707 2487 signa
1734 2411 2011 2471 militaria
2040 2419 2219 2484 capta

252 2510 498 2566 centum
519 2499 765 2578 triginta
789 2506 1090 2577 quattuor.
1134 2500 1212 2560 de
1235 2497 1507 2560 exercitu
1528 2498 1806 2558 Romano
1831 2495 2220 2571 septuaginta

251 2596 322 2650 et
347 2596 470 2649 tres
513 2586 742 2648 amissi.
801 2592 1138 2660 pugnatum
1179 2582 1347 2643 haud
1375 2583 1591 2658 procu]
1621 2580 1774 2656 Ilipa
1800 2578 1955 2640 urbe
1983 2585 2095 2639 est.
2142 2594 2216 2638 eo

248 2673 550 2734 victorem
605 2670 961 2745 opulentum
1003 2667 1238 2744 praeda
1277 2666 1611 2726 exercitum
1654 2663 1719 2723 P.
1766 2662 2083 2725 Cornelius
2122 2677 2215 2722 re-

252 2757 448 2818 duxit.
491 2771 566 2815 ea
596 2752 796 2815 omnis
826 2758 966 2813 ante
993 2750 1207 2812 urbem
1228 2751 1514 2826 exposita
1536 2754 1648 2834 est,
1678 2753 2081 2823 potestasque
2110 2746 2216 2806 do·

253 2841 440 2901 minis
482 2854 632 2899 suas
673 2853 776 2898 res
818 2835 1245 2912 cognoscendi
1279 2835 1439 2894 facta
1481 2840 1591 2895 est.
1658 2839 1861 2893 cetera
1893 2830 2219 2892 vendenda

255 2921 570 3002 quaestori
601 2922 776 2991 data,
821 2920 988 2995 quod
1019 2919 1162 2980 inde
1189 2919 1486 2979 refectum
1514 2924 1611 2978 est
1635 2916 1804 2978 militi
1835 2915 2119 2976 divisum.

425 3007 498 3067 11.
551 3005 836 3066 Nondum
884 3003 961 3064 ab
1000 3005 1199 3065 Roma
1244 3003 1559 3077 profectus
1612 3006 1744 3060 erat
1784 2999 1845 3060 C.
1886 2997 2215 3058 Flaminius

253 3098 525 3170 praetor,
557 3105 694 3150 cum
721 3088 876 3149 haec
904 3086 964 3147 in
996 3088 1292 3163 Hispania
1318 3085 1702 3160 gerebantur.
1766 3083 1973 3157 itaque
2001 3081 2215 3140 adver-

255 3191 372 3239 sae
403 3191 585 3252 quarn
627 3172 940 3233 secundae
971 3186 1073 3231 res
1105 3185 1218 3245 per
1244 3169 1449 3244 ipsum
1477 3167 1835 3241 amicosque
1864 3165 1997 3224 eius
2025 3164 2211 3238 magis

254 3257 647 3322 sermonibus
688 3254 1179 3322 celebrabantur;
1225 3260 1286 3319 et
1312 3255 1740 3326 temptaverat,
1775 3247 2061 3323 quoniam
2091 3246 2213 3306 bel-

254 3349 384 3408 lum
425 3342 642 3418 ingens
683 3339 742 3400 in
775 3339 1090 3415 provincia
1131 3337 1499 3410 exarsisset,
1542 3340 1603 3394 et
1641 3332 1897 3409 exiguas
1926 3329 2215 3406 reliquias

255 3427 566 3490 exercitus
599 3425 675 3488 ab
704 3422 848 3484 Sex.
879 3423 1100 3498 Digitio
1143 3428 1327 3497 atque
1368 3435 1476 3480 eas
1519 3419 1691 3493 ipsas
1722 3419 1939 3492 plenas
1968 3413 2218 3490 pavoris

257 3527 336 3575 ac
364 3512 548 3585 fugae
575 3514 943 3582 accepturus
973 3511 1158 3580 esset,
1191 3511 1257 3566 ut
1288 3503 1405 3565 sibi
1436 3519 1619 3564 unam
1650 3519 1730 3563 ex
1756 3499 2009 3562 urbanis
2031 3499 2216 3574 legio-

347 3611 402 3655 τ.
427 3609 552 3652 1.1v1
581 3607 733 3650 mas
763 3591 864 3650 IV·
1743 3593 1811 3646 12
