2548 3950
562 187 796 250 mmm
822 189 1143 248 xxxvm.
1190 191 1353 249 CAP.
1383 197 1470 251 40.
1497 199 1585 252 41.
1633 197 1706 263 [a.
1731 197 1798 249 c.
1829 197 1954 262 188]
2109 189 2233 252 356
2303 273 2310 278 .

284 357 471 418 quam
514 340 777 398 maxime
819 339 1169 398 recentibus
1210 346 1272 397 et
1298 337 1548 413 integris
1590 336 1870 402 iumentis
1897 338 2234 413 Thraciam,

282 440 395 500 per
427 439 610 499 quam
640 422 753 482 iter
782 423 964 496 vulgo
993 421 1356 494 horrebant,
1385 422 1823 497 ingrederetur.
1878 437 2001 497 quo
2030 424 2235 496 profe-

280 517 417 571 ctus
449 513 545 567 est
572 506 650 566 ab
676 504 1067 581 Lysimachia
1094 504 1223 577 die,
1264 506 1345 564 ad
1375 520 1612 564 amnem
1641 505 1882 566 Melana
1915 521 2097 581 quem
2127 523 2235 566 vo-

280 598 450 662 cant,
496 590 639 650 inde
678 593 929 662 postero
973 588 1072 647 die
1101 588 1371 666 Cypsela
1398 588 1693 664 pervenit.
1757 604 1794 647 a
1823 588 2107 666 Cypselis
2136 590 2237 650 via

276 675 495 734 decem
530 670 760 732 milium
788 671 916 730 rere
945 671 1243 732 silvestris
1274 677 1536 746 angusta
1564 672 1936 746 confragosa
1963 672 2234 748 excipie-

276 757 409 830 bat,
441 763 693 832 propter
720 754 895 815 cuius
924 753 1341 814 difficultatem
1369 754 1599 815 itineris
1628 753 1689 814 in
1721 754 1876 815 duas
1908 762 2114 831 partes
2145 756 2234 815 di·

276 841 450 900 visus
492 839 818 900 exercitus.
887 845 948 897 et
987 837 1360 912 praecedere
1398 853 1520 898 una
1549 837 1749 913 iussa,
1794 839 1985 900 altera
2011 855 2232 914 magno

278 922 595 984 intervallo
628 935 852 997 cogere
882 913 1117 996 agmen’,
1147 921 1352 980 media
1377 921 1810 996 impedimenta
1836 921 2234 996 interposuitz

277 1009 552 1080 plaustra
564 1019 701 1065 cum
714 1003 979 1080 pecunia
992 1003 1238 1079 publica
1250 1010 1423 1064 erant
1436 1005 1829 1082 pretiosaque
1841 1005 1961 1065 alia
1985 1005 2233 1080 praeda.

276 1091 359 1151 ‘ta
400 1106 538 1150 cum
580 1103 693 1163 per
732 1089 952 1150 saltum
991 1089 1131 1158 iret,
1172 1087 1473 1148 Thracum
1514 1089 1726 1150 decem
1767 1087 1934 1150 haud
1967 1089 2232 1164 amplius

275 1171 442 1244 milia
470 1188 549 1233 ex
579 1177 865 1247 quattuor
892 1171 1142 1246 populis
1160 1216 1175 1242 ,
1217 1171 1374 1232 Astii
1408 1177 1470 1232 et
1498 1171 1680 1231 Caeni
1711 1178 1771 1232 et
1799 1171 2148 1232 Maduateni
2175 1177 2239 1234 et

276 1256 506 1330 Coreli,
550 1253 631 1314 ad
671 1253 845 1328 ipsas
886 1253 1201 1328 angustias
1241 1255 1404 1313 viam
1435 1253 1976 1318 circumsederunt.
2023 1255 2234 1330 opinio

275 1345 408 1400 erat
433 1355 555 1400 non
588 1339 723 1398 sine
743 1335 1005 1412 Philippi
1025 1335 1431 1396 Macedonum
1459 1339 1624 1412 regis
1655 1339 1871 1398 fraude
1892 1340 1956 1398 id
1977 1340 2233 1399 factum=

275 1439 417 1483 eum
444 1421 647 1484 scisse
674 1437 796 1482 non
827 1421 949 1480 alia
976 1435 1161 1494 quam
1191 1435 1304 1495 per
1331 1420 1650 1480 Thraciam
1677 1422 1984 1482 redituros
2011 1422 2234 1482 Roma-

276 1522 424 1579 nos,
478 1511 541 1567 et
581 1512 867 1579 quantam
919 1503 1237 1579 pecuniam
1280 1518 1492 1564 secum
1530 1511 1862 1580 portarent.
1930 1504 1992 1564 in
2038 1505 2236 1580 primo

276 1589 517 1665 agmine
545 1588 877 1665 imperator
899 1593 1046 1661 erat,
1078 1586 1373 1656 sollicitus
1398 1594 1652 1663 propter
1671 1587 2044 1662 iniquitatem
2067 1590 2218 1650 loco

273 1689 427 1733 rum.
469 1671 737 1733 Thraces
767 1671 911 1732 nihil
944 1685 1013 1731 se
1040 1676 1382 1744 moverunt,
1413 1671 1611 1732 donec
1641 1672 1853 1732 armati
1879 1673 2234 1733 transirent·

276 1762 603 1833 postquam
638 1755 870 1830 primos
913 1769 1251 1828 superasse
1291 1753 1608 1828 angustias
1643 1754 1952 1830 viderunt,
1997 1764 2236 1832 postre-

276 1855 409 1904 mos
438 1841 712 1902 nondum
755 1838 1340 1916 appropinquantis,
1385 1837 1818 1912 impedimenta
1858 1840 2234 1914 etsarcinas

271 1924 585 1997 invadunt,
604 1921 933 2001 caesisque
956 1921 1320 1983 custodibus
1341 1921 1561 1996 partim
1583 1935 1658 1981 ea
1682 1921 1920 1996 quaein
1945 1922 2235 1996 plaustris

274 2015 445 2069 erant
484 2008 779 2081 diripere,
822 2006 1043 2080 partim
1084 2004 1201 2064 sub
1245 2002 1535 2064 oneribus
1564 2003 1829 2065 iumenta
1857 2004 2233 2066 abstrahere.

273 2090 437 2151 unde
481 2095 811 2165 postquam
854 2092 1083 2149 clamor
1121 2086 1384 2162 primum
1424 2086 1503 2147 ad
1547 2102 1657 2147 eos
1689 2087 1794 2163 qui
1823 2087 1942 2148 iam
1971 2088 2232 2164 ingressi

274 2175 493 2235 saltum
536 2171 982 2247 sequebantur,
1025 2170 1251 2231 deinde
1283 2170 1462 2230 etiam
1495 2170 1577 2231 ad
1605 2170 1864 2245 primum
1893 2187 2108 2247 agmen
2141 2180 2236 2233 est

269 2257 562 2333 perlatus,
593 2255 895 2331 utrimque
926 2256 989 2314 in
1016 2253 1284 2315 medium
1309 2253 1706 2330 concurritur,
1743 2260 1804 2314 et
1829 2254 2233 2325 inordinatum

271 2340 548 2417 pluribus
580 2340 760 2401 simul
787 2338 942 2400 locis
973 2337 1270 2414 proelium
1304 2338 1662 2400 conseritur.
1707 2338 1973 2401 Thracas
2002 2341 2235 2415 praeda

270 2425 409 2500 ipsa
447 2422 775 2500 impeditos
815 2420 1105 2484 oneribus
1144 2428 1206 2481 et
1246 2422 1610 2497 plerosque,
1660 2428 1730 2483 ut
1755 2422 1833 2483 ad
1868 2423 2233 2499 rapiendum

270 2522 485 2569 manus
512 2521 745 2569 vacuas
778 2505 1089 2579 haberent,
1122 2506 1385 2565 inermes
1419 2506 1496 2565 ad
1521 2506 1772 2565 caedem
1795 2506 2078 2581 praebetae
2108 2509 2230 2569 Ro-

270 2606 487 2653 manos
519 2590 807 2665 iniquitas
842 2590 1117 2652 locorum
1152 2586 1432 2649 barbaris
1467 2604 1581 2664 per
1605 2591 1790 2650 calles
1814 2598 1991 2653 notas
2016 2606 2230 2652 occur-

273 2672 547 2736 santibus
577 2680 641 2734 et
663 2672 991 2736 latentibus
1020 2672 1324 2733 interdum
1348 2687 1461 2748 per
1484 2688 1672 2733 cavas
1697 2674 1888 2735 valles
1909 2675 2228 2750 prodebat.

271 2759 409 2833 ipsa
436 2759 617 2819 etiam
647 2772 837 2819 onera
862 2759 1282 2833 plaustraque,
1312 2763 1381 2816 ut
1410 2757 1538 2817 fors
1566 2757 1715 2830 tulit,
1747 2756 1843 2817 his
1874 2765 1978 2820 aut
1999 2760 2117 2819 illis
2139 2760 2229 2819 in-

273 2843 595 2904 commode
638 2841 879 2904 obiecta
927 2839 1339 2917 pugnantibus
1384 2836 1817 2915 impedimento
1863 2848 2022 2903 sunt.
2087 2843 2231 2903 alibi

272 2926 535 3000 praedo,
578 2926 722 2986 alibi
752 2925 1023 3000 praedae
1054 2924 1280 2985 vindex
1314 2923 1492 2983 cadit.
1564 2930 1749 2998 prout
1774 2926 1950 2984 locus
1977 2922 2230 2998 iniquus

272 3023 589 3082 aequusve
608 3008 705 3067 his
728 3016 832 3068 aut
852 3008 991 3081 illis,
1022 3014 1209 3081 prout
1228 3007 1467 3065 animus
1492 3006 1890 3079 pugnantium
1913 3014 2024 3078 est,
2052 3015 2231 3081 prout

272 3105 559 3151 numerus
580 3121 667 3133 --
688 3089 788 3149 alii
827 3087 987 3149 enim
1021 3088 1300 3164 pluribus
1343 3104 1528 3163 quam
1556 3088 1675 3163 ipsi
1705 3094 1906 3163 erant,
1947 3089 2049 3149 alii
2076 3107 2225 3165 pau·

274 3172 542 3236 cioribus
572 3179 965 3235 occurrerant
984 3208 1095 3244 —‚
1126 3170 1300 3231 varia
1326 3171 1572 3234 fortuna
1608 3186 1852 3248 pugnae
1881 3178 1994 3232 est.
2058 3173 2228 3235 multi

272 3256 575 3332 utrimque
604 3255 845 3320 cadunt.
908 3256 1028 3317 iam
1056 3270 1183 3318 nox
1212 3255 1571 3331 appetebat,
1615 3270 1751 3316 cum
1781 3256 2017 3331 proelio
2047 3272 2228 3317 exce-

274 3341 426 3401 dunt
462 3338 761 3415 Thraces,
801 3354 925 3400 non
969 3340 1114 3415 fuga
1150 3340 1472 3400 vulnerum
1512 3345 1615 3399 aut
1653 3338 1897 3411 mortis„
1940 3341 2053 3400 sed
2083 3340 2228 3416 quia

275 3425 424 3485 satis
447 3422 717 3501 praedae
737 3422 1061 3484 habebant.
1105 3420 1255 3485 xm.
1298 3423 1712 3485 Romanorum
1730 3424 1988 3498 primum
2011 3438 2228 3499 agmen

1597 3536 1600 3541 .
1701 3513 1770 3567 23
1786 3505 1814 3540 t
