2548 3950
585 224 808 288 LIBER
838 226 1077 285 XXXV.
1124 226 1290 285 CAP.
1319 236 1406 287 50.
1431 237 1517 288 51.
1558 235 1870 301 [a.C.19·2]
2085 229 2209 293 219

242 377 604 451 bellumque
636 383 694 434 et
722 374 1024 437 Antiocho
1057 382 1115 434 et
1143 377 1379 438 Aetolis
1409 379 1666 437 nuntiari
1699 381 1992 439 iuberent.
2039 383 2209 439 auxi-

242 461 334 520 lia
377 460 586 529 etiam,
630 475 754 533 quo
797 460 1034 520 censuit
1063 460 1405 534 QuinctiuS,
1451 463 1914 537 quingentorum
1958 467 2207 523 militum

246 542 634 611 Chalcidem,
681 543 1146 617 quingentorum
1187 543 1504 605 Piraeeum
1546 549 1848 621 extemplo
1894 551 2207 607 miserunt.

240 633 386 687 erat
413 627 572 686 enim
598 625 764 688 haud
792 628 1008 701 procul
1036 628 1339 688 seditione
1366 627 1618 689 Athenis
1658 647 1756 689 res
1774 677 1788 701 ,
1832 631 2205 691 trahentibus

245 712 330 770 ad
353 708 722 771 Antiochum
752 710 1120 786 quibusdam
1150 726 1265 786 spe
1295 712 1680 786 largitionum
1704 717 1978 773 venalem
2014 717 2205 789 pretio

244 793 726 865 multitudinem,
779 794 977 854 donec
1027 794 1105 854 ab
1154 795 1229 855 iis
1286 795 1388 869 qui
1428 795 1740 856 Romanae
1786 799 1972 871 partis
2018 807 2205 869 erant,

244 878 567 951 Quinctius
596 887 692 938 est
719 878 982 951 accituS,
1014 883 1075 937 et
1102 885 1434 939 accusante
1461 878 1690 939 Leonte
1724 883 1988 955 quodam
2014 885 2205 955 Apol-

245 962 510 1022 lodorus
552 969 766 1022 auctor
803 960 1164 1021 defectionis
1215 962 1536 1022 damnatus
1590 973 1770 1037 atque
1818 967 1876 1023 in
1928 967 2207 1023 exsilium

239 1053 348 1105 est
378 1046 628 1106 eiectus.

421 1128 498 1188 Et
519 1129 592 1188 ab
616 1128 883 1190 Achaeis
915 1129 1163 1203 quidem
1191 1144 1330 1189 cum
1356 1128 1513 1190 tristi
1540 1147 1640 1189 res
1648 1147 1846 1203 penso
1878 1131 2097 1205 legatis>
2131 1133 2207 1189 ad

243 1227 459 1287 regem
485 1213 681 1273 rediit.
723 1213 940 1275 Boeoti
967 1211 1110 1272 nihil
1135 1212 1283 1273 certi
1305 1215 1790 1288 responderunt:
1838 1231 1970 1273 cum
1994 1215 2205 1273 Antio-

239 1295 408 1355 chus
429 1296 489 1355 in
512 1296 831 1358 Boeotiam
850 1297 1153 1368 venisset,
1185 1303 1308 1356 tum
1339 1296 1486 1371 quid
1516 1297 1630 1355 sibi
1664 1301 2008 1357 faciundum
2041 1307 2207 1357 esset

243 1395 320 1439 se
352 1379 797 1441 deliberaturos
827 1396 990 1441 esse.

422 1464 764 1525 Antiochus
797 1480 934 1525 eum
965 1457 1377 1524 ad'Chalcidis
1418 1463 1790 1539 praesidium
1834 1473 1892 1523 et
1918 1467 2205 1525 Achaeos

242 1553 314 1607 et
339 1546 670 1608 Eumenem
700 1564 906 1622 regem
935 1548 1183 1607 misisse
1211 1546 1519 1620 audisset,
1568 1549 1990 1607 maturandum
2020 1557 2205 1623 ratus,

245 1636 316 1690 ut
339 1637 400 1690 et
424 1632 849 1705 praevenirent
870 1631 964 1692 sui
989 1638 1050 1690 et
1071 1630 1371 1690 venientis
1388 1676 1403 1702 ,
1434 1629 1488 1689 si
1520 1639 1802 1705 possent,
1836 1635 2203 1709 exciperent,

243 1713 603 1790 Menippum
619 1714 962 1776 cumtribus
987 1715 1175 1775 ferme
1197 1712 1443 1776 milibus
1463 1715 1714 1775 militum
1740 1723 1796 1775 et
1820 1721 1980 1777 omni
2006 1721 2205 1777 classe

245 1798 672 1873 Polyxenidan
703 1800 904 1867 mittit,
948 1799 1085 1875 ipse
1125 1813 1363 1873 paucos
1394 1806 1538 1874 post
1566 1801 1696 1859 dies
1728 1817 1840 1859 sex
1872 1803 2033 1861 milia
2065 1819 2203 1863 suo-

244 1898 385 1942 rum
414 1882 696 1955 militum,
727 1889 788 1943 et
816 1898 893 1942 ex
923 1898 998 1943 ea
1027 1882 1236 1957 copia,
1274 1898 1434 1957 quae
1453 1883 1697 1942 Lamiae
1722 1895 1972 1957 repente
2004 1887 2207 1961 colligi

248 1966 477 2042 potuit,
509 1983 632 2028 non
662 1968 744 2027 ita
771 1969 995 2028 multos
1019 1967 1276 2028 Aetolos
1299 1966 1484 2027 ducit.
1527 1968 1760 2026 Achaei
1788 1972 2097 2042 quingenti
2129 1972 2203 2030 ab

246 2051 524 2110 Eumene
563 2066 710 2126 rege
745 2051 1050 2113 modicum
1079 2049 1371 2111 auxilium
1400 2050 1654 2110 missum
1688 2052 1842 2110 duce
1872 2054 2207 2112 Xenoclide

249 2133 633 2195 Chalcidensi
674 2137 946 2196 nondum
988 2131 1267 2194 obsessis
1309 2134 1624 2195 itineribus
1666 2142 1794 2194 tuto
1838 2138 2207 2210 transgressi

246 2217 542 2292 Euripum
573 2217 918 2280 Chalcidem
959 2225 1383 2294 pervenerunt.
1438 2219 1696 2278 Romani
1738 2220 1988 2292 militae,
2035 2224 2206 2292 quin-

249 2303 418 2376 genti
448 2302 637 2362 ferme
665 2309 726 2362 et
753 2302 903 2377 ipsi,
955 2317 1091 2362 eum
1137 2300 1257 2360 iam
1285 2300 1616 2376 Menippus
1660 2308 1860 2358 castra
1904 2312 2041 2360 ante
2075 2304 2205 2362 Sal·

246 2399 452 2460 ganea
474 2385 552 2445 ad
573 2386 955 2457 Hermaeum,
984 2401 1106 2460 qua
1125 2383 1415 2446 transitus
1441 2399 1520 2444 ex
1534 2384 1792 2444 Boeotia
1820 2386 1876 2442 in
1892 2386 2207 2446 Euboeam

247 2468 513 2528 insulam
557 2476 680 2540 est,
722 2468 1002 2541 haberet,
1046 2475 1361 2528 venerunt.
1425 2467 1716 2544 Micythio
1762 2478 1892 2526 erat
1934 2484 2067 2528 cum
2113 2472 2205 2542 iiS‚

248 2553 492 2626 legatus
522 2553 600 2612 ab
630 2552 917 2613 Chalcide
946 2553 1020 2612 ad
1048 2551 1390 2626 Quinctium
1416 2551 1496 2612 ad
1519 2551 1580 2611 id
1608 2552 1806 2624 ipsum
1834 2554 2205 2626 praesidium

248 2635 585 2711 petendum
625 2634 873 2697 missus.
939 2636 1042 2712 qui
1096 2643 1423 2711 postquam
1469 2635 1762 2696 obsessas
1808 2636 1880 2694 ab
1926 2636 2205 2696 hostibus

248 2722 467 2779 fauces
499 2720 675 2793 vidit,
708 2720 942 2781 omisso
973 2719 1052 2779 ad
1073 2718 1360 2780 Aulidem
1390 2719 1600 2780 itinere
1629 2720 1862 2778 Delium
1892 2722 2205 2794 convertit,

247 2809 320 2863 ut
339 2803 482 2863 inde
503 2803 563 2863 in
585 2802 899 2864 Euboeam
920 2804 1414 2864 transmissurus.
1458 2802 1552 2863 Ll.
1590 2812 1704 2862 tem
1718 2806 1876 2878 plum
1902 2814 1996 2864 est
2016 2808 2207 2878 Apol—

249 2885 395 2946 linis
423 2886 688 2960 Delium,
731 2887 1048 2948 imminens
1078 2887 1258 2948 mari:
1308 2888 1578 2962 quinque
1607 2888 1766 2946 milia
1804 2904 2098 2962 passuum
2132 2890 2207 2948 ab

243 2971 528 3045 Tanagra
557 2971 762 3031 abest=
807 2970 1007 3032 minus
1049 2978 1336 3046 quattuor
1374 2970 1600 3030 milium
1644 2972 1784 3030 inde
1827 2974 1882 3028 in
1932 2974 2209 3044 proxima

245 3052 542 3114 Euboeae
571 3061 667 3115 est
694 3054 847 3114 mari
875 3055 1186 3115 traiectus·
1230 3055 1334 3114 ubi
1364 3062 1423 3115 et
1451 3054 1509 3112 in
1540 3056 1682 3110 fano
1718 3056 1980 3126 lucoque
2010 3072 2084 3112 ea
2115 3070 2205 3112 re—

246 3135 477 3211 ligione
518 3145 578 3197 et
619 3153 694 3198 eo
735 3138 866 3199 iure
907 3144 1153 3210 saneto,
1197 3153 1323 3212 quo
1365 3142 1511 3196 sunt
1536 3138 1788 3208 templa,
1844 3154 2000 3206 quae
2033 3140 2207 3212 asyla

247 3218 476 3280 Graeci
526 3221 865 3296 appellant,
916 3228 976 3281 et
1022 3219 1297 3281 nondum
1345 3227 1447 3279 aut
1494 3216 1720 3278 indicto
1774 3220 1930 3278 hello
1984 3230 2087 3280 aut
2129 3222 2209 3278 ita

243 3304 584 3365 commisso
603 3351 618 3377 ,
661 3313 727 3365 ut
765 3306 1010 3365 strictos
1041 3303 1283 3381 gladios
1313 3311 1415 3363 aut
1444 3304 1801 3376 sanguinem
1832 3306 2207 3378 usquamsa-

245 3396 414 3448 ctum
459 3389 807 3462 audissent,
860 3404 995 3450 eum
1038 3403 1148 3464 per
1187 3403 1473 3462 magnum
1513 3386 1698 3448 otium
1738 3388 1954 3446 milites
2000 3388 2099 3446 alii
2129 3390 2207 3446 ad

245 3473 674 3546 spectaculum
703 3472 908 3548 templi
949 3474 1192 3547 lucique
1223 3471 1416 3543 versi,
1459 3471 1560 3532 alii
1602 3472 1658 3530 in
1706 3472 1878 3530 litore
1944 3474 2205 3530 inermes
