2548 3950
359 207 486 273 224
629 209 860 270 LIBER
881 208 1148 271 XXXVI.
1193 207 1361 267 CAP.
1390 215 1441 268 3.
1472 215 1525 267 4.
1550 216 1602 266 5.
1648 210 2035 279 [a.n.c.561]

354 364 416 424 in
458 361 834 439 provinciam
876 361 966 421 ire
1007 365 1347 435 oporteret,
1392 365 1454 419 et
1492 356 1714 417 tribuni
1756 356 2009 418 militum
2050 357 2317 431 legionis

354 447 588 523 primae
628 453 688 505 et
730 443 966 518 tertiae,
1015 452 1083 505 ut
1121 444 1162 503 ii
1202 457 1416 503 omnes
1458 440 1863 515 Brundisium
1885 440 2090 501 idibus
2132 440 2317 503 Maiis

355 529 771 592 convenirent.
825 528 963 602 ipse
1004 533 1144 588 ante
1185 526 1345 587 diem
1379 526 1653 600 quintum
1686 539 1882 597 nonas
1908 523 2105 585 Maias
2134 524 2315 600 palu·

353 614 536 674 datus
563 612 717 673 urbe
745 626 1042 687 egressus
1071 616 1185 670 est.
1229 624 1341 685 per
1367 609 1621 669 eosdem
1645 604 1779 671 dies
1808 614 1869 669 et
1895 614 2217 683 praetores
2250 609 2317 668 in

353 696 707 774 provincias
741 695 997 769 profecti
1025 701 1186 755 sunt.

521 779 627 839 IV.
691 777 821 837 Sub
863 775 1026 838 idem
1066 784 1311 852 tempus
1352 782 1413 835 et
1453 774 1633 849 legati
1662 776 1739 835 ab
1770 775 2010 837 duobus
2038 775 2315 851 regibuS,

351 862 634 939 Philippo
664 862 1059 923 Macedoniae
1084 868 1144 921 et
1165 859 1510 921 Ptolemaeo
1538 859 1806 936 Aegypti
1834 874 2012 934 rege,
2053 859 2317 922 Romam

357 952 684 1018 venerunt,
737 945 1098 1021 pollicentes
1139 945 1220 1004 ad
1260 943 1487 1004 bellum
1525 942 1752 1003 auxilia
1793 950 1855 1003 et
1894 944 2220 1018 pecuniam
2252 950 2319 1004 et

355 1033 737 1092 frumentum.
785 1026 862 1089 ab
887 1027 1238 1099 Ptolemaeo
1267 1026 1449 1087 etiam
1474 1026 1637 1085 mille
1668 1026 1875 1102 pondo
1903 1026 2064 1099 auri,
2097 1025 2317 1101 viginti

353 1114 516 1174 milia
545 1113 754 1188 pondo
785 1112 1019 1186 argenti
1049 1111 1268 1171 adlata.
1326 1108 1473 1169 nihil
1511 1108 1645 1171 eius
1688 1116 2035 1185 acceptum=
2076 1112 2317 1185 gratiae

352 1197 601 1272 regibus
634 1202 826 1255 actae.
887 1200 950 1254 et·
975 1210 1116 1255 eum
1157 1200 1415 1269 uterque
1440 1208 1512 1253 se
1540 1208 1677 1255 cum
1708 1193 1991 1254 omnibus
2020 1194 2217 1269 copiis
2248 1194 2315 1253 i'n

351 1279 654 1341 Aetoliam
718 1283 1036 1340 venturum
1091 1278 1382 1353 belloque
1430 1276 1852 1339 interfuturum
1898 1277 2315 1353 polliceretur,

357 1362 698 1424 Ptolemaeo
729 1362 792 1424 id
819 1362 1179 1430 remissum;
1215 1360 1479 1438 Philippi
1521 1362 1735 1436 legatis
1770 1377 2143 1437 responsum
2170 1378 2315 1436 gra-

353 1456 480 1508 tum
502 1462 642 1507 eum
663 1446 901 1509 senatui
925 1448 1285 1521 populoque
1304 1446 1579 1507 Romano
1605 1446 1933 1518 facturum,
1964 1446 2018 1505 si
2040 1445 2139 1505 Μ’.
2162 1446 2313 1505 Aci·

353 1531 434 1592 lio
479 1531 715 1592 consuli
757 1548 880 1593 non
923 1530 1242 1591 defuisset.
1308 1530 1451 1589 item
1490 1529 1567 1588 ab
1610 1528 2205 1604 Carthaginiensibus
2248 1539 2319 1589 et

353 1614 685 1675 Masinissa
730 1629 877 1689 rege
932 1614 1112 1689 legati
1164 1620 1473 1674 venerunt.
1546 1612 2080 1688 Carthaginienses
2128 1612 2315 1673 tritici

357 1698 623 1759 modium
653 1705 974 1769 sexcenta,
1018 1697 1234 1758 hordei
1278 1696 1611 1772 quingenta
1649 1697 1811 1758 milia
1839 1698 1921 1757 ad
1954 1697 2313 1775 exercitum,

355 1782 668 1843 dimidium
709 1782 842 1841 eius
870 1781 1126 1841 Romam
1165 1786 1601 1856 apportaturos
1639 1782 1890 1855 polliciti
1937 1788 2106 1841 suntz
2151 1780 2215 1840 id
2242 1787 2315 1841 ut

354 1866 431 1926 ab
463 1880 534 1925 se
560 1882 784 1925 munus
811 1864 1068 1926 Romani
1097 1865 1477 1940 acciperent,
1509 1871 1719 1939 petere
1746 1880 1907 1926 sese.
1954 1872 2016 1925 et
2043 1867 2312 1925 classem

355 1954 655 2024 [suorum]
688 1964 802 2011 suo
827 1954 1076 2026 sumptu
1098 1954 1589 2025 comparaturos;
1637 1956 1698 2009 et
1718 1948 2105 2026 stipendium,
2138 1950 2313 2025 quod

355 2033 632 2109 pluribus
664 2033 1066 2110 pensionibus
1095 2033 1156 2092 in
1185 2035 1409 2094 multos
1433 2049 1630 2094 anuos
1654 2033 1977 2106 deberent,
2009 2048 2311 2109 praesens

353 2132 532 2178 omne
563 2118 836 2178 daturos.
876 2117 1243 2178 Masinissae
1271 2118 1452 2192 legati
1484 2118 1816 2192 quingenta
1845 2119 2009 2177 milia
2035 2117 2313 2179 modium

351 2201 556 2274 tritici,
588 2207 860 2262 trecenta
888 2199 1102 2262 hordei
1123 2203 1204 2262 ad
1225 2203 1561 2272 exercitum
1589 2201 1651 2261 in
1674 2201 1989 2262 Graeciam
2006 2247 2021 2274 ,
2050 2201 2308 2263 Romam

352 2293 622 2345 trecenta
648 2285 814 2346 milia
841 2284 1112 2345 modium
1140 2287 1349 2360 tritici,
1393 2287 1656 2346 ducenta
1695 2285 2137 2360 quinquaginta
2164 2285 2309 2345 hor·

352 2369 484 2438 deiz
529 2370 766 2444 equites
799 2367 1198 2445 quingentOS,
1229 2369 1590 2444 elephantos
1621 2369 1831 2444 viginti
1857 2383 2067 2442 regem
2094 2369 2174 2428 ad
2205 2369 2310 2427 Μ’.

350 2452 610 2513 Acilium
652 2454 971 2514 consulem
1012 2453 1359 2514 missurum.
1424 2454 1501 2513 de
1552 2454 1853 2513 frumento
1895 2452 2173 2528 utrisque
2212 2467 2311 2512 re-

351 2552 680 2611 sponsum,
710 2535 794 2595 ita
821 2551 1078 2596 usurum
1106 2551 1182 2596 eo
1214 2538 1512 2611 populum
1538 2537 1907 2610 Romanum,
1950 2535 2005 2597 si
2050 2537 2311 2611 pretium

351 2619 716 2693 acciperent.
763 2619 842 2679 de
871 2621 1074 2680 classe
1103 2619 1701 2694 Carthaginiensibus
1728 2621 2085 2695 remissum,
2128 2636 2310 2696 prae—

348 2707 629 2777 terquam
658 2703 712 2760 si
743 2703 894 2776 quid
923 2701 1168 2763 navium
1197 2719 1277 2762 ex
1312 2703 1562 2763 foedere
1586 2704 1898 2767 deberent.
1942 2704 2024 2765 de
2046 2703 2311 2780 pecunia

350 2783 492 2844 item
519 2800 918 2860 responsum,
948 2787 1174 2847 nullam
1202 2795 1342 2848 ante
1371 2789 1532 2848 diem
1560 2796 1947 2864 accepturos.

516 2868 592 2927 V.
642 2869 788 2931 Cum
809 2869 963 2931 haee
985 2871 1218 2931 Romae
1239 2872 1604 2946 agebantur,
1637 2871 1922 2932 Chalcide
1942 2872 2311 2947 AntiochuS,

348 2967 428 3010 ne
457 2961 732 3014 cessaret
760 2969 870 3028 per
897 2954 1288 3017 hibernorum
1329 2961 1602 3030 tempuS‚
1650 2957 1866 3030 partim
1910 2956 2048 3030 ipse
2076 2954 2307 3016 sollici—

351 3035 512 3096 tabat
543 3035 871 3098 civitatium
899 3039 1134 3099 animos
1166 3038 1471 3100 mittendis
1501 3039 1747 3114 legatis,
1792 3039 2009 3116 partim
2038 3041 2195 3100 ultro
2226 3041 2309 3100 ad

347 3134 488 3180 eum
515 3121 869 3196 veniebant,
914 3123 1075 3183 sicut
1097 3123 1386 3198 Epirotae
1416 3123 1721 3184 communi
1760 3122 1957 3198 gentis
1990 3136 2308 3184 consensu

348 3210 408 3262 et
435 3203 564 3262 Elei
597 3220 631 3263 e
658 3203 1087 3281 Peloponneso
1128 3214 1444 3267 venerunt.
1504 3206 1635 3266 Elei
1676 3206 1969 3268 auxilium
1998 3203 2307 3266 adversus

347 3287 633 3347 Achaeos
663 3289 978 3363 petebant,
1012 3306 1172 3365 quos
1202 3296 1349 3363 post
1369 3289 1593 3350 bellum
1616 3307 1736 3350 non
1764 3306 1841 3350 ex
1865 3306 1980 3352 sua
2002 3288 2309 3350 sententia

349 3369 637 3429 indictum
677 3371 982 3432 Antiocho
1028 3372 1286 3447 primum
1338 3373 1560 3434 civitati
1612 3389 1764 3434 suae
1812 3389 1983 3434 arma
2028 3373 2306 3434 illaturos

349 3452 694 3515 credebant.
753 3453 914 3514 mille
955 3455 1030 3514 iis
1072 3455 1311 3529 pedites
1350 3471 1486 3516 cum
1517 3457 1673 3518 duce
1706 3457 1975 3518 Cretensi
2004 3455 2309 3526 Euphane
