2548 3950
320 243 364 306 2
664 233 894 294 LIBER
911 211 1130 294 'xxm⁸
1179 233 1345 293 cAP.
1370 241 1422 292 1.
1445 241 1499 292 2.
1544 233 1617 310 [a.
1644 237 1713 290 υ.
1740 254 1788 290 0.
1813 233 1938 308 551]

326 389 645 452 niensibus
677 387 888 462 intulit,
918 387 1035 446 iam
1066 386 1367 462 provideo
1397 386 1630 460 animo,
1663 387 1826 446 velut
1856 387 1958 462 qui
1990 388 2299 462 proximis

331 473 512 534 littori
540 473 717 531 vadis
749 472 976 532 inducti
1008 487 1172 530 mare
1206 469 1469 546 pedibus
1500 469 1937 544 ingrediuntur,
1984 470 2297 548 quidquid

328 555 723 632 progredior,
757 556 816 614 in
845 555 1177 615 vastiorem
1205 569 1305 613 me
1334 554 1707 614 altitudinem
1738 569 1813 614 ac
1839 555 2007 615 velut
2033 558 2293 630 profun-

328 641 470 701 dum
497 639 720 712 invehi,
753 648 813 699 et
841 654 1120 699 crescere
1151 653 1349 712 paene
1374 654 1551 713 opuS,
1586 637 1753 711 quod
1780 637 1975 712 prima
1999 655 2298 714 quaeque

329 723 706 801 perficiendo
737 722 923 782 minui
955 721 1295 783 videbatur.

411 807 628 866 Pacem
658 805 946 866 Punicam
976 807 1201 866 bellum
1223 804 1689 866 Macedonicum
1718 806 1979 880 excepit,
2012 805 2296 881 periculo

327 891 806 964 haudquaquam
837 890 1317 964 comparandum
1340 896 1445 949 aut
1471 889 1693 950 virtute
1714 889 1889 949 ducis
1912 896 2015 950 aut
2036 889 2295 950 militum

325 973 571 1046 robore,
604 974 872 1034 claritate
899 989 1111 1047 regum
1142 973 1528 1048 antiquorum
1556 978 1932 1048 vetustaque.
1952 975 2115 1041 sama
2143 988 2289 1047 gen—

325 1059 402 1118 tis
433 1067 495 1118 et
523 1057 935 1131 magnitudine
963 1056 1218 1132 imperii,
1267 1073 1391 1130 quo
1421 1059 1609 1117 multa
1638 1057 1947 1140 quondam
1975 1057 2293 1136 Europae,

327 1142 617 1201 maiorem
649 1148 885 1215 partem
907 1139 1096 1199 Asiae
1126 1139 1511 1202 obtinuerant
1538 1141 1740 1215 armiS,
1775 1156 1973 1215 prope
2001 1141 2293 1202 nobilius.

329 1231 597 1286 ceterum
622 1229 905 1298 coeptum
927 1223 1151 1282 bellum
1173 1224 1477 1284 adversus
1490 1224 1835 1300 Philippum
1863 1224 2074 1285 decem
2100 1227 2294 1284 ferme

329 1317 468 1368 ante
511 1305 686 1367 annis
731 1306 989 1366 triennio
1033 1307 1205 1381 prius
1250 1308 1595 1383 depositum
1632 1315 1793 1383 erat,
1836 1323 1972 1367 cum
2000 1309 2201 1368 Aetoli
2232 1317 2296 1368 ct

327 1391 469 1454 belli
512 1398 574 1451 et
603 1391 776 1466 pacis
809 1389 1072 1464 fuissent
1103 1406 1311 1451 causa.
1357 1409 1591 1452 vacuos
1624 1393 1845 1452 deinde
1875 1409 2028 1466 pace
2056 1391 2289 1452 Punica

327 1477 445 1535 iam
464 1477 779 1534 Romanos
813 1479 872 1533 et
899 1474 1176 1535 infensos
1198 1473 1480 1551 Philippo
1514 1493 1649 1536 cum
1681 1477 1760 1536 ob
1790 1476 2037 1538 infidam
2072 1477 2295 1536 adver-

329 1575 438 1618 sus
463 1558 718 1618 Aetolos
749 1557 1029 1634 aliosque
1057 1559 1327 1633 regionis
1360 1561 1633 1620 eiusdem
1667 1559 1875 1620 socios
1902 1575 2135 1635 pacem,
2166 1567 2295 1619 tum

329 1642 410 1702 ob
441 1641 666 1701 auxilia
696 1657 831 1702 cum
864 1642 1126 1716 pecunia
1153 1659 1353 1716 nuper
1380 1645 1440 1702 in
1468 1643 1734 1702 Africam
1758 1643 1947 1704 missa
1966 1643 2294 1704 Hannibali

326 1725 672 1799 Poenisque
702 1739 920 1798 preces
949 1725 1443 1801 Atheniensium,
1476 1744 1637 1800 quos
1667 1743 1815 1802 agro
1850 1734 2199 1802 pervastato
2230 1728 2292 1787 in

327 1809 540 1868 urbem
587 1805 992 1883 compulerat,
1038 1809 1457 1870 excitaverunt
1483 1812 1561 1870 ad
1593 1813 2017 1871 renovandum
2046 1812 2297 1871 bellum.

328 1892 402 1951 ΙΙ.
450 1891 565 1950 sub
607 1893 769 1951 idem
820 1893 948 1950 fere
1002 1900 1244 1966 tempus
1290 1901 1351 1954 et
1391 1895 1467 1956 ab
1508 1895 1713 1954 Attalo
1754 1911 1903 1970 rege
1946 1901 2007 1954 et
2032 1893 2295 1956 Rhodiis

329 1975 510 2051 legati
545 1984 860 2046 venerunt,
895 1978 1240 2038 nuntiantes
1264 1979 1453 2039 Asiae
1484 1996 1734 2055 quoque
1764 1980 2037 2040 civitates
2066 1980 2295 2039 sollici·

326 2060 459 2119 tari.
504 2059 600 2119 his
630 2059 1040 2134 legationibus
1069 2077 1439 2137 responsum
1471 2071 1566 2124 est
1595 2079 1779 2124 curae
1802 2080 1935 2123 eam
1958 2079 2088 2123 rem
2110 2080 2296 2124 sena·

332 2144 420 2207 tui
452 2145 602 2203 fore.
649 2143 1014 2206 consultatio
1047 2146 1125 2204 de
1153 2144 1557 2207 Macedonico
1586 2148 1746 2207 bello
1777 2148 2013 2222 integra
2039 2147 2118 2207 ad
2144 2163 2297 2207 con-

331 2228 528 2300 sules,
575 2229 678 2303 qui
721 2235 864 2288 tunc
915 2229 973 2288 in
1009 2228 1344 2304 provinciis
1376 2238 1575 2303 erant,
1622 2232 1851 2291 reiecta
1879 2240 1989 2291 est.
2053 2232 2295 2292 interim

328 2314 406 2372 ad
436 2311 846 2372 Ptolemaeum
876 2314 1146 2392 Aegypti
1186 2331 1395 2389 regem
1425 2316 1606 2391 legati
1636 2322 1761 2374 tres
1790 2314 1980 2387 missi,
2015 2316 2076 2375 C.
2114 2316 2295 2376 Clau-

329 2396 467 2454 dius
493 2397 653 2457 Nero
683 2397 764 2455 Μ.
788 2399 1084 2457 Aemilius
1115 2399 1387 2473 Lepidus
1415 2400 1478 2458 P.
1506 2398 1907 2476 Sempronius
1929 2399 2291 2474 TuditanuS,

326 2484 394 2537 ut
447 2480 796 2539 nuntiarent
837 2480 1058 2540 victum
1103 2482 1501 2541 Hannibalem
1529 2482 1929 2559 Poenosque,
1975 2490 2035 2543 et
2061 2483 2294 2558 gratias

329 2568 582 2635 agerent
601 2562 750 2635 regi,
779 2563 946 2636 quod
969 2564 1027 2622 in
1053 2563 1240 2623 rebus
1265 2565 1647 2640 dubiis,·cum
1672 2568 1903 2627 finitimi
1928 2568 2107 2628 etiam
2132 2567 2294 2629 socii

327 2646 640 2705 Romanos
685 2645 1070 2721 desererent,
1114 2648 1173 2705 in
1205 2648 1329 2707 fide
1360 2651 1721 2719 mansisset3
1767 2659 1829 2711 et
1854 2658 2147 2727 peterent,
2204 2659 2293 2727 ut,

328 2729 382 2789 si
408 2730 600 2789 coacti
632 2728 868 2789 iniuriis
890 2730 1116 2789 bellum
1145 2732 1447 2793 adversus
1469 2732 1812 2810 Philippum
1840 2736 2292 2811 suscepissent,

329 2812 652 2887 pristinum
682 2812 945 2871 animum
977 2829 1123 2889 erga
1153 2817 1448 2889 populum
1478 2818 1819 2879 Romanum
1850 2826 2270 2880 conservaret.

493 2894 724 2955 Eodem
758 2897 884 2955 sere
911 2903 1186 2972 tempore
1215 2899 1279 2957 P.
1311 2900 1527 2961 Aelius
1555 2906 1769 2963 consul
1800 2904 1860 2965 in
1894 2905 2103 2975 Gallia,
2148 2922 2293 2965 cum

327 2980 606 3039 audisset
635 2996 671 3038 a
689 2980 858 3040 Boiis
890 2989 1030 3041 ante
1053 2998 1230 3042 suum
1253 2985 1582 3045 adventurn
1604 2985 1989 3049 incursiones
2014 2989 2073 3047 in
2098 3004 2289 3063 agros

329 3065 637 3124 sociorum
681 3065 906 3137 factas,
961 3066 1200 3127 duabus
1247 3068 1593 3142 legionibus
1638 3070 1948 3133 subitariis
1987 3074 2287 3133 tumultus

327 3148 460 3207 eius
493 3163 681 3209 causa
709 3146 974 3223 scriptis,
1009 3149 1359 3227 additisque
1387 3154 1465 3213 ad
1488 3168 1595 3213 eas
1622 3161 1906 3229 quattuor
1930 3154 2291 3217 cohortibus

327 3231 406 3290 de
428 3232 696 3291 exercitu
721 3250 855 3307 su0,
883 3232 944 3295 C.
962 3234 1245 3309 Ampium
1270 3238 1644 3310 praefectum
1666 3239 1904 3299 socium
1926 3238 2043 3300 hac
2064 3242 2290 3301 tumul-

325 3306 519 3375 tuaria
546 3332 726 3375 manu
757 3332 870 3391 per
890 3318 1216 3392 Umbriam,
1250 3336 1434 3394 quam
1466 3321 1682 3382 tribum
1709 3321 2019 3398 Sapiniam
2041 3332 2291 3401 vocant,

325 3414 538 3472 agrum
559 3400 849 3461 Boiorum
881 3401 1170 3463 invadere
1192 3403 1401 3464 iussit.
1430 3405 1567 3480 ipse
1590 3406 1811 3466 eodem
1834 3414 2045 3483 aperto
2070 3406 2295 3471 itinere

315 3498 438 3556 per
463 3490 706 3544 montes
738 3484 929 3544 duxit
971 3488 1274 3563 Ampius
1259 3505 1580 3565 ingressus
1613 3489 1877 3551 hostium
1906 3492 2061 3551 fines
2087 3494 2293 3567 primo
