2548 3950
357 238 589 299 LmER
610 238 850 298 xxxv.
877 238 1042 298 CAP.
1065 246 1152 301 20.
1177 247 1264 300 21.
1291 246 1364 313 [a.
1388 244 1456 297 u,
1484 250 1678 320 02560.
1702 264 1751 299 a.
1778 248 1842 299 c.
1872 249 1995 315 192]
2030 210 2034 215 ’
2086 243 2205 305 193

240 392 520 469 peditum
575 391 925 467 quindecim
978 393 1425 488 imperarentur
1472 400 1533 455 et
1583 394 1894 470 quingenti
1944 399 2202 471 equites.

238 476 465 536 Atilius
496 473 741 561 triginta
769 491 960 536 naves
993 477 1467 553 quinqueremes
1504 478 1708 538 faeere
1749 478 1988 553 iussuS,
2036 489 2094 539 et
2128 499 2204 539 ex

240 558 568 620 navalibus
595 565 835 619 veteres
861 559 1198 633 deducere,
1229 562 1470 637 siquae
1492 560 1673 622 utiles
1698 568 1934 638 essent,
1966 573 2026 623 et
2058 567 2202 623 scri

240 644 392 703 bere
421 644 660 703 navalis
707 644 936 704 socios.
993 651 1054 705 et
1083 644 1437 705 consulibus
1468 646 1859 721 imperatum,
1902 655 1970 707 ut
1994 649 2048 705 ei
2082 651 2200 707 duo

241 725 410 787 milia
437 727 674 787 socium
705 743 778 787 ac
805 726 1002 788 Latini
1043 728 1307 790 nominis
1350 736 1409 789 et
1446 729 1607 789 mille
1634 731 1946 791 Romanos
1992 733 2206 791 darent

240 811 505 887 pedites.
545 809 609 869 hi
641 810 762 871 duo
796 818 1116 885 praetores
1147 819 1209 872 et
1237 813 1361 873 duo
1393 813 1729 889 exercituS,
1758 817 2062 875 terrestris
2098 833 2200 873 na-

241 893 545 970 valisque,
575 895 876 955 adversus
897 895 1111 955 Nabim
1136 904 1349 972 aperte
1371 896 1491 956 iam
1515 906 1966 973 oppugnantem
1996 901 2200 959 socios

239 979 461 1055 populi
489 978 747 1040 Romani
778 978 1138 1041 dicebantur
1165 979 1389 1055 parari.
1446 986 1714 1041 ceterum
1754 981 1936 1055 legati
1968 985 2046 1041 ad
2076 987 2192 1041 An-

241 1061 512 1122 tiochum
540 1061 712 1122 missi
744 1063 1294 1138 exspectabantur,
1327 1071 1387 1124 et
1415 1064 1775 1140 priusquam
1804 1066 1844 1123 ii
1874 1067 2198 1139 redissent,

242 1153 516 1205 vetuerat
534 1144 614 1205 Cn
624 1190 638 1203 .
653 1145 976 1206 Domitium
997 1148 1316 1209 consulem
1330 1155 1582 1209 senatus
1599 1148 1921 1210 discedere
1936 1151 2012 1207 ab
2030 1151 2198 1209 urbe.

236 1229 396 1291 xxl.
465 1230 848 1305 praetoribus
878 1229 1093 1291 Fulvio
1126 1239 1187 1292 et
1216 1231 1565 1305 Scribonio,
1614 1232 1837 1308 quibus
1877 1239 1946 1292 ut
1986 1235 2078 1293 ius
2114 1235 2202 1291 di-

240 1320 452 1373 cerent
478 1313 711 1374 Romae
731 1314 1050 1410 provincia
1077 1323 1236 1387 erat,
1267 1316 1577 1390 negotium
1600 1316 1837 1390 datum,
1870 1323 1936 1376 ut
1960 1325 2202 1391 praemi

238 1412 378 1457 eam
407 1398 703 1471 classem,
749 1398 846 1458 cui
874 1399 1094 1459 Atilius
1125 1400 1515 1509 praefuturus
1545 1406 1703 1471 erat,
1753 1406 1990 1459 centum
2028 1399 2198 1471 quin-

241 1496 566 1557 queremes
590 1488 897 1557 pararent.

410 1564 774 1640 Priusquam
818 1567 1034 1626 consul
1076 1573 1527 1648 praetoresque
1567 1566 1628 1625 in
1670 1564 2022 1642 provincias
2054 1585 2196 1641 pio-

237 1647 691 1723 ficiscerentur,
725 1649 1094 1724 supplicatio
1120 1650 1232 1710 suit
1251 1650 1671 1726 prodigiorum
1698 1666 1905 1711 causa.
1954 1667 2100 1725 cap1
2104 1669 2198 1711 am

239 1749 360 1793 sex
386 1731 622 1794 haedos
651 1748 775 1793 uno
807 1734 934 1792 fetu
963 1733 1237 1794 edidisse
1267 1750 1348 1794 ex
1366 1734 1590 1794 Piceno
1622 1734 1958 1795 nuntiatum
1988 1743 2108 1807 est,
2142 1747 2200 1795 et

234 1816 466 1880 Arretii
487 1832 747 1891 puerum
767 1824 972 1877 natum
997 1816 1347 1877 unimanum
1363 1864 1378 1891 ,
1403 1818 1699 1880 Amiterni
1719 1825 1881 1877 terra
1903 1783 2196 1893 pluvisse,

237 1897 498 1961 Formiis
528 1908 767 1977 portam
808 1916 1172 1977 murumque
1214 1902 1293 1961 de
1335 1903 1507 1963 caelo
1548 1911 1741 1971 tacta3
1788 1909 1847 1962 et
1878 1905 2042 1977 quod
2074 1921 2194 1961 ma-

236 1985 406 2044 xime
428 1986 708 2060 tcrrebat,
733 1986 1006 2046 consulis
1022 1985 1126 2045 Cn.
1142 1985 1385 2046 Domitii
1408 1987 1630 2046 bovem
1652 1988 1919 2047 locutum
1944 1989 2194 2059 „Boi-na,

240 2083 396 2128 cave
419 2069 587 2130 tibi.“
623 2077 960 2130 ceterorum
986 2070 1404 2145 prodigiorum
1429 2086 1620 2130 causa
1640 2070 2048 2145 supplicatum
2074 2082 2170 2130 est

239 2151 461 2214 bovem
493 2169 630 2214 cum
661 2168 806 2214 cura
833 2153 1066 2213 servari
1097 2155 1303 2229 alique
1328 2153 1692 2228 haruspices
1722 2153 2046 2214 iusserunt.
2106 2156 2182 2212 Ti-

238 2237 407 2297 beris
437 2235 754 2297 infestiore
784 2253 967 2312 quam
996 2237 1201 2311 priore
1229 2236 1459 2312 impetu
1488 2236 1689 2298 illatus
1716 2236 1854 2296 urbi
1889 2235 2011 2295 duo
2044 2254 2188 2310 pon-

237 2321 350 2390 tiS‚
396 2319 674 2381 aedificia
701 2323 912 2395 multa,
955 2320 1220 2381 maxime
1263 2320 1427 2380 circa
1457 2327 1695 2394 portam
1722 2318 2196 2392 Flumentanam,

238 2407 474 2464 evertit.
540 2420 758 2465 saxum
800 2406 1049 2479 ingenS,
1107 2405 1240 2466 sive
1282 2404 1575 2465 imbribus
1617 2414 1728 2463 seu
1789 2407 1956 2462 motu
2001 2410 2198 2460 terrae

235 2489 470 2549 leniore
528 2505 708 2564 quam
731 2495 798 2548 ut
818 2488 1046 2563 alloqui
1069 2489 1424 2563 sentiretur,
1455 2488 1880 2548 labefactatum
1907 2487 1968 2546 in
2000 2488 2198 2544 vicum

234 2572 545 2646 Iugarium
587 2588 666 2632 ex
697 2572 990 2647 Capitolio
1035 2573 1326 2647 procidit,
1371 2579 1431 2632 et
1470 2573 1695 2633 multos
1737 2572 2070 2645 oppressit.
2139 2572 2194 2628 in

236 2655 405 2730 agris
457 2655 689 2732 passim
738 2655 1046 2716 inundatis
1099 2652 1298 2732 pe‘cua
1347 2657 1575 2731 ablata,
1629 2656 1908 2716 villarum
1958 2664 2190 2728 strages

235 2741 402 2800 facta
430 2748 544 2801 est.
738 2789 745 2798 ,

407 2823 766 2899 Priusquam
809 2825 893 2884 L.·
922 2824 1235 2899 Quinctius
1281 2825 1497 2885 consul
1535 2821 1596 2883 in
1640 2823 2016 2899 provinciam
2062 2842 2194 2898 pel-2

233 2908 502 2981 veniret,
535 2907 602 2982 Q.
631 2907 935 2969 Minucius
967 2907 1027 2968 in
1059 2925 1206 2985 agro
1228 2908 1454 2969 Pisano
1487 2923 1622 2968 cum
1650 2907 1974 2983 Liguribus
2006 2908 2196 2982 signis

235 2991 479 3052 collatis
521 2991 845 3070 pugnavit:
893 3009 1112 3052 novem
1153 2993 1317 3052 milia
1353 2991 1621 3052 hostium
1664 2991 1915 3062 occidit,
1958 2998 2196 3048 eeteros

233 3076 416 3136 fusos
445 3077 816 3151 fugatosque
843 3075 903 3134 in
935 3082 1136 3135 castra
1167 3076 1478 3150 compulit.
1532 3090 1606 3133 ea
1632 3089 1835 3147 usque
1862 3073 1925 3132 in
1956 3082 2194 3132 noctem

231 3173 460 3233 magno
493 3159 820 3220 certamine
850 3165 1204 3235 oppugnata
1228 3159 1611 3231 defensaque
1635 3163 1796 3216 sunt.
1840 3164 2020 3216 nocte
2044 3158 2196 3214 clam

231 3243 498 3318 profecti
526 3242 817 3318 Ligures;
870 3243 1066 3318 prima
1106 3244 1243 3303 luce
1285 3256 1481 3301 vacua
1521 3247 1724 3300 castra
1750 3239 2062 3300 Romanus
2110 3240 2192 3296 in-

234 3326 415 3391 vasit.
476 3327 748 3402 praedae
775 3326 974 3386 minus
1006 3327 1315 3387 inventum
1348 3332 1472 3397 est,
1508 3324 1676 3399 quod
1708 3321 1970 3386 subinde
2000 3324 2192 3396 spolia

235 3425 528 3484 agrorum
571 3417 752 3486 capta
793 3411 1012 3471 domos
1053 3409 1385 3470 mittebant.
1439 3408 1743 3468 Minucius
1785 3406 1932 3465 nihil
1976 3406 2196 3464 deiude

230 3492 567 3554 laxamenti
596 3493 877 3556 hostibus
907 3494 1104 3554 dedit:
1150 3510 1226 3554 ex
1260 3508 1407 3567 agro
1431 3492 1655 3552 Pisano
1686 3491 1745 3551 in
1767 3490 2024 3566 Ligures
2058 3508 2196 3564 pro-

318 3594 371 3637 ·r.
401 3593 527 3636 LIVI
555 3592 708 3638 mas
737 3577 840 3637 IV.
1718 3581 1785 3636 13
