<?xml version="1.0" encoding="UTF-8"?>
<!DOCTYPE html PUBLIC "-//W3C//DTD XHTML 1.0 Transitional//EN"
    "http://www.w3.org/TR/xhtml1/DTD/xhtml1-transitional.dtd">
<html xmlns="http://www.w3.org/1999/xhtml" xml:lang="en" lang="en">
 <head>
  <title>
</title>
<meta http-equiv="Content-Type" content="text/html;charset=utf-8" />
  <meta name='ocr-system' content='tesseract 3.04.00' />
  <meta name='ocr-capabilities' content='ocr_page ocr_carea ocr_par ocr_line ocrx_word'/>
</head>
<body>
  <div class='ocr_page' id='page_1' title='image "./aburbeconditali14livygoog_0311.png"; bbox 0 0 2548 3950; ppageno 0'>
   <div class='ocr_carea' id='block_1_1' title="bbox 372 206 2070 279">
    <p class='ocr_par' dir='ltr' id='par_1_1' title="bbox 372 206 2070 279">
     <span class='ocr_line' id='line_1_1' title="bbox 372 206 2070 279; baseline -0.004 -8"><span class='ocrx_word' id='word_1_1' title='bbox 372 208 499 271; x_wconf 79' lang='lat'><strong>284</strong></span> <span class='ocrx_word' id='word_1_2' title='bbox 638 208 869 269; x_wconf 69' lang='lat' dir='ltr'><strong>Lissa</strong></span> <span class='ocrx_word' id='word_1_3' title='bbox 895 208 1188 266; x_wconf 81' lang='lat' dir='ltr'><strong>xxxvn.</strong></span> <span class='ocrx_word' id='word_1_4' title='bbox 1236 206 1400 265; x_wconf 81' lang='lat' dir='ltr'><strong>cAP.</strong></span> <span class='ocrx_word' id='word_1_5' title='bbox 1433 212 1631 267; x_wconf 60' lang='lat' dir='ltr'><strong>sea-1.</strong></span> <span class='ocrx_word' id='word_1_6' title='bbox 1679 206 1752 279; x_wconf 54' lang='grc' dir='ltr'><strong>ξε.</strong></span> <span class='ocrx_word' id='word_1_7' title='bbox 1777 210 1919 262; x_wconf 53' lang='lat' dir='ltr'><strong>use.</strong></span> <span class='ocrx_word' id='word_1_8' title='bbox 1946 211 2070 276; x_wconf 74' lang='lat'>562]</span> 
     </span>
    </p>
   </div>
   <div class='ocr_carea' id='block_1_2' title="bbox 362 354 2358 1599">
    <p class='ocr_par' dir='ltr' id='par_1_2' title="bbox 362 354 2358 1599">
     <span class='ocr_line' id='line_1_2' title="bbox 370 354 2358 433; baseline -0.001 -14"><span class='ocrx_word' id='word_1_9' title='bbox 370 358 833 433; x_wconf 79' lang='lat' dir='ltr'><strong>Hellespontum</strong></span> <span class='ocrx_word' id='word_1_10' title='bbox 874 356 1216 429; x_wconf 79' lang='lat' dir='ltr'><strong>profectum</strong></span> <span class='ocrx_word' id='word_1_11' title='bbox 1256 354 1552 415; x_wconf 81' lang='lat' dir='ltr'><strong>audierat.</strong></span> <span class='ocrx_word' id='word_1_12' title='bbox 1613 354 1844 429; x_wconf 88' lang='lat' dir='ltr'><strong>aliquid</strong></span> <span class='ocrx_word' id='word_1_13' title='bbox 1873 355 2054 416; x_wconf 84' lang='lat' dir='ltr'><strong>etiam</strong></span> <span class='ocrx_word' id='word_1_14' title='bbox 2085 354 2358 417; x_wconf 81' lang='lat' dir='ltr'><strong>inflabat</strong></span> 
     </span>
     <span class='ocr_line' id='line_1_3' title="bbox 373 436 2356 512; baseline 0.001 -10"><span class='ocrx_word' id='word_1_15' title='bbox 373 442 611 502; x_wconf 86' lang='lat' dir='ltr'><strong>animos</strong></span> <span class='ocrx_word' id='word_1_16' title='bbox 641 438 861 499; x_wconf 89' lang='lat' dir='ltr'><strong>classis</strong></span> <span class='ocrx_word' id='word_1_17' title='bbox 888 438 1129 499; x_wconf 84' lang='lat' dir='ltr'><strong>Rhodia</strong></span> <span class='ocrx_word' id='word_1_18' title='bbox 1156 438 1237 497; x_wconf 87' lang='lat' dir='ltr'><strong>ad</strong></span> <span class='ocrx_word' id='word_1_19' title='bbox 1266 436 1518 497; x_wconf 84' lang='lat' dir='ltr'><strong>Samum</strong></span> <span class='ocrx_word' id='word_1_20' title='bbox 1553 453 1664 512; x_wconf 87' lang='lat' dir='ltr'><strong>per</strong></span> <span class='ocrx_word' id='word_1_21' title='bbox 1693 438 2088 499; x_wconf 80' lang='lat' dir='ltr'><strong>occasionem</strong></span> <span class='ocrx_word' id='word_1_22' title='bbox 2118 441 2356 504; x_wconf 81' lang='lat' dir='ltr'><strong>fraude</strong></span> 
     </span>
     <span class='ocr_line' id='line_1_4' title="bbox 372 519 2354 599; baseline -0.001 -14"><span class='ocrx_word' id='word_1_23' title='bbox 372 530 799 599; x_wconf 78' lang='lat' dir='ltr'><strong>praeparatam</strong></span> <span class='ocrx_word' id='word_1_24' title='bbox 824 522 1165 595; x_wconf 85' lang='lat' dir='ltr'><strong>absumpta.</strong></span> <span class='ocrx_word' id='word_1_25' title='bbox 1210 520 1306 580; x_wconf 84' lang='lat' dir='ltr'><strong>his</strong></span> <span class='ocrx_word' id='word_1_26' title='bbox 1333 522 1541 593; x_wconf 82' lang='lat' dir='ltr'><strong>fretus,</strong></span> <span class='ocrx_word' id='word_1_27' title='bbox 1563 519 1946 597; x_wconf 80' lang='lat' dir='ltr'><strong>Polyxenida</strong></span> <span class='ocrx_word' id='word_1_28' title='bbox 1969 536 2107 583; x_wconf 92' lang='lat' dir='ltr'><strong>cum</strong></span> <span class='ocrx_word' id='word_1_29' title='bbox 2131 523 2354 583; x_wconf 87' lang='lat' dir='ltr'><strong>classe</strong></span> 
     </span>
     <span class='ocr_line' id='line_1_5' title="bbox 370 602 2348 687; baseline -0.001 -19"><span class='ocrx_word' id='word_1_30' title='bbox 370 608 451 667; x_wconf 87' lang='lat' dir='ltr'><strong>ad</strong></span> <span class='ocrx_word' id='word_1_31' title='bbox 490 605 905 681; x_wconf 80' lang='lat' dir='ltr'><strong>temptandam</strong></span> <span class='ocrx_word' id='word_1_32' title='bbox 944 602 1109 665; x_wconf 88' lang='lat' dir='ltr'><strong>omni</strong></span> <span class='ocrx_word' id='word_1_33' title='bbox 1156 604 1344 665; x_wconf 89' lang='lat' dir='ltr'><strong>modo</strong></span> <span class='ocrx_word' id='word_1_34' title='bbox 1388 604 1730 687; x_wconf 84' lang='lat' dir='ltr'><strong>certaminis</strong></span> <span class='ocrx_word' id='word_1_35' title='bbox 1775 604 2078 666; x_wconf 79' lang='lat' dir='ltr'><strong>fortunam</strong></span> <span class='ocrx_word' id='word_1_36' title='bbox 2119 606 2348 679; x_wconf 77' lang='lat' dir='ltr'><strong>misse,</strong></span> 
     </span>
     <span class='ocr_line' id='line_1_6' title="bbox 369 686 2350 767; baseline -0.001 -16"><span class='ocrx_word' id='word_1_37' title='bbox 369 692 506 767; x_wconf 87' lang='lat' dir='ltr'><strong>ipse</strong></span> <span class='ocrx_word' id='word_1_38' title='bbox 549 690 763 764; x_wconf 87' lang='lat' dir='ltr'><strong>copias</strong></span> <span class='ocrx_word' id='word_1_39' title='bbox 802 689 883 749; x_wconf 90' lang='lat' dir='ltr'><strong>ad</strong></span> <span class='ocrx_word' id='word_1_40' title='bbox 909 687 1151 748; x_wconf 89' lang='lat' dir='ltr'><strong>Notium</strong></span> <span class='ocrx_word' id='word_1_41' title='bbox 1199 688 1384 747; x_wconf 87' lang='lat' dir='ltr'><strong>ducit.</strong></span> <span class='ocrx_word' id='word_1_42' title='bbox 1447 687 1511 747; x_wconf 89' lang='lat' dir='ltr'><strong>id</strong></span> <span class='ocrx_word' id='word_1_43' title='bbox 1540 686 1838 762; x_wconf 88' lang='lat' dir='ltr'><strong>oppidum</strong></span> <span class='ocrx_word' id='word_1_44' title='bbox 1865 686 2350 763; x_wconf 83' lang='lat' dir='ltr'><strong>colophonium,</strong></span> 
     </span>
     <span class='ocr_line' id='line_1_7' title="bbox 368 770 2350 846; baseline -0.002 -12"><span class='ocrx_word' id='word_1_45' title='bbox 368 772 521 834; x_wconf 83' lang='lat' dir='ltr'><strong>mari</strong></span> <span class='ocrx_word' id='word_1_46' title='bbox 550 771 889 843; x_wconf 79' lang='lat' dir='ltr'><strong>imminenS,</strong></span> <span class='ocrx_word' id='word_1_47' title='bbox 922 771 1097 831; x_wconf 87' lang='lat' dir='ltr'><strong>abest</strong></span> <span class='ocrx_word' id='word_1_48' title='bbox 1119 787 1158 830; x_wconf 88' lang='lat' dir='ltr'><strong>a</strong></span> <span class='ocrx_word' id='word_1_49' title='bbox 1184 778 1392 831; x_wconf 84' lang='lat' dir='ltr'><strong>vetere</strong></span> <span class='ocrx_word' id='word_1_50' title='bbox 1415 770 1774 846; x_wconf 84' lang='lat' dir='ltr'><strong>Colophon-e</strong></span> <span class='ocrx_word' id='word_1_51' title='bbox 1802 770 1926 832; x_wconf 90' lang='lat' dir='ltr'><strong>duo</strong></span> <span class='ocrx_word' id='word_1_52' title='bbox 1957 772 2148 833; x_wconf 83' lang='lat' dir='ltr'><strong>ferme</strong></span> <span class='ocrx_word' id='word_1_53' title='bbox 2170 771 2350 833; x_wconf 84' lang='lat' dir='ltr'><strong>milia</strong></span> 
     </span>
     <span class='ocr_line' id='line_1_8' title="bbox 369 853 2348 933; baseline 0.001 -16"><span class='ocrx_word' id='word_1_54' title='bbox 369 868 686 933; x_wconf 79' lang='lat' dir='ltr'><strong>passuum.</strong></span> <span class='ocrx_word' id='word_1_55' title='bbox 752 864 813 915; x_wconf 87' lang='lat' dir='ltr'><strong>et</strong></span> <span class='ocrx_word' id='word_1_56' title='bbox 839 856 1037 930; x_wconf 85' lang='lat' dir='ltr'><strong>ipsam</strong></span> <span class='ocrx_word' id='word_1_57' title='bbox 1069 855 1284 915; x_wconf 88' lang='lat' dir='ltr'><strong>urbem</strong></span> <span class='ocrx_word' id='word_1_58' title='bbox 1327 868 1478 915; x_wconf 89' lang='lat' dir='ltr'><strong>suae</strong></span> <span class='ocrx_word' id='word_1_59' title='bbox 1520 853 1842 930; x_wconf 82' lang='lat' dir='ltr'><strong>potestatis</strong></span> <span class='ocrx_word' id='word_1_60' title='bbox 1885 870 2029 915; x_wconf 89' lang='lat' dir='ltr'><strong>esse</strong></span> <span class='ocrx_word' id='word_1_61' title='bbox 2066 856 2348 930; x_wconf 81' lang='lat' dir='ltr'><strong>volebat,</strong></span> 
     </span>
     <span class='ocr_line' id='line_1_9' title="bbox 368 937 2346 1016; baseline -0.001 -16"><span class='ocrx_word' id='word_1_62' title='bbox 368 941 527 1000; x_wconf 88' lang='lat' dir='ltr'><strong>adeo</strong></span> <span class='ocrx_word' id='word_1_63' title='bbox 566 939 980 1016; x_wconf 65' lang='lat' dir='ltr'><strong>‚propinquam</strong></span> <span class='ocrx_word' id='word_1_64' title='bbox 1006 938 1258 1013; x_wconf 86' lang='lat' dir='ltr'><strong>Epheso</strong></span> <span class='ocrx_word' id='word_1_65' title='bbox 1277 983 1293 1011; x_wconf 89' lang='lat'>‚</span> <span class='ocrx_word' id='word_1_66' title='bbox 1337 943 1406 999; x_wconf 84' lang='lat' dir='ltr'><strong>ut</strong></span> <span class='ocrx_word' id='word_1_67' title='bbox 1442 937 1590 997; x_wconf 85' lang='lat' dir='ltr'><strong>nihil</strong></span> <span class='ocrx_word' id='word_1_68' title='bbox 1629 944 1792 997; x_wconf 85' lang='lat' dir='ltr'><strong>terra</strong></span> <span class='ocrx_word' id='word_1_69' title='bbox 1830 938 2060 999; x_wconf 79' lang='lat' dir='ltr'><strong>marive</strong></span> <span class='ocrx_word' id='word_1_70' title='bbox 2102 948 2346 1014; x_wconf 73' lang='lat' dir='ltr'><strong>ageret,</strong></span> 
     </span>
     <span class='ocr_line' id='line_1_10' title="bbox 376 1020 2348 1099; baseline -0.001 -14"><span class='ocrx_word' id='word_1_71' title='bbox 376 1024 543 1099; x_wconf 90' lang='lat' dir='ltr'><strong>quod</strong></span> <span class='ocrx_word' id='word_1_72' title='bbox 595 1038 719 1084; x_wconf 91' lang='lat' dir='ltr'><strong>non</strong></span> <span class='ocrx_word' id='word_1_73' title='bbox 772 1023 1111 1083; x_wconf 89' lang='lat' dir='ltr'><strong>subiectum</strong></span> <span class='ocrx_word' id='word_1_74' title='bbox 1152 1022 1349 1082; x_wconf 91' lang='lat' dir='ltr'><strong>oculis</strong></span> <span class='ocrx_word' id='word_1_75' title='bbox 1392 1020 1909 1097; x_wconf 84' lang='lat' dir='ltr'><strong>colophoniorum</strong></span> <span class='ocrx_word' id='word_1_76' title='bbox 1951 1038 2025 1081; x_wconf 90' lang='lat' dir='ltr'><strong>ac</strong></span> <span class='ocrx_word' id='word_1_77' title='bbox 2068 1038 2185 1098; x_wconf 88' lang='lat' dir='ltr'><strong>per</strong></span> <span class='ocrx_word' id='word_1_78' title='bbox 2227 1038 2348 1083; x_wconf 89' lang='lat' dir='ltr'><strong>eos</strong></span> 
     </span>
     <span class='ocr_line' id='line_1_11' title="bbox 369 1104 2350 1181; baseline 0 -16"><span class='ocrx_word' id='word_1_79' title='bbox 369 1113 579 1168; x_wconf 87' lang='lat' dir='ltr'><strong>notum</strong></span> <span class='ocrx_word' id='word_1_80' title='bbox 620 1108 928 1181; x_wconf 87' lang='lat' dir='ltr'><strong>extemplo</strong></span> <span class='ocrx_word' id='word_1_81' title='bbox 967 1106 1262 1165; x_wconf 89' lang='lat' dir='ltr'><strong>Romanis</strong></span> <span class='ocrx_word' id='word_1_82' title='bbox 1313 1112 1509 1178; x_wconf 89' lang='lat' dir='ltr'><strong>esset,</strong></span> <span class='ocrx_word' id='word_1_83' title='bbox 1563 1114 1721 1179; x_wconf 89' lang='lat' dir='ltr'><strong>quos</strong></span> <span class='ocrx_word' id='word_1_84' title='bbox 1761 1105 1968 1165; x_wconf 89' lang='lat' dir='ltr'><strong>audita</strong></span> <span class='ocrx_word' id='word_1_85' title='bbox 2009 1104 2350 1167; x_wconf 85' lang='lat' dir='ltr'><strong>obsidione</strong></span> 
     </span>
     <span class='ocr_line' id='line_1_12' title="bbox 368 1188 2346 1263; baseline 0 -14"><span class='ocrx_word' id='word_1_86' title='bbox 368 1206 493 1251; x_wconf 87' lang='lat' dir='ltr'><strong>non</strong></span> <span class='ocrx_word' id='word_1_87' title='bbox 525 1189 841 1249; x_wconf 86' lang='lat' dir='ltr'><strong>dubitabat</strong></span> <span class='ocrx_word' id='word_1_88' title='bbox 881 1188 962 1248; x_wconf 86' lang='lat' dir='ltr'><strong>ad</strong></span> <span class='ocrx_word' id='word_1_89' title='bbox 992 1204 1173 1263; x_wconf 91' lang='lat' dir='ltr'><strong>opem</strong></span> <span class='ocrx_word' id='word_1_90' title='bbox 1216 1188 1424 1249; x_wconf 88' lang='lat' dir='ltr'><strong>sociae</strong></span> <span class='ocrx_word' id='word_1_91' title='bbox 1451 1188 1587 1248; x_wconf 89' lang='lat' dir='ltr'><strong>urbi</strong></span> <span class='ocrx_word' id='word_1_92' title='bbox 1618 1189 1938 1250; x_wconf 82' lang='lat' dir='ltr'><strong>ferendam</strong></span> <span class='ocrx_word' id='word_1_93' title='bbox 1959 1190 2230 1249; x_wconf 85' lang='lat' dir='ltr'><strong>classem</strong></span> <span class='ocrx_word' id='word_1_94' title='bbox 2261 1190 2346 1249; x_wconf 85' lang='lat' dir='ltr'><strong>ab</strong></span> 
     </span>
     <span class='ocr_line' id='line_1_13' title="bbox 372 1271 2344 1350; baseline -0.002 -16"><span class='ocrx_word' id='word_1_95' title='bbox 372 1272 556 1334; x_wconf 88' lang='lat' dir='ltr'><strong>Samo</strong></span> <span class='ocrx_word' id='word_1_96' title='bbox 586 1280 889 1333; x_wconf 82' lang='lat' dir='ltr'><strong>moturos:</strong></span> <span class='ocrx_word' id='word_1_97' title='bbox 935 1288 1071 1332; x_wconf 92' lang='lat' dir='ltr'><strong>eam</strong></span> <span class='ocrx_word' id='word_1_98' title='bbox 1102 1272 1494 1333; x_wconf 84' lang='lat' dir='ltr'><strong>occasionem</strong></span> <span class='ocrx_word' id='word_1_99' title='bbox 1513 1271 1934 1350; x_wconf 75' lang='lat' dir='ltr'><strong>Polyxenidae</strong></span> <span class='ocrx_word' id='word_1_100' title='bbox 1961 1273 2202 1333; x_wconf 77' lang='lat' dir='ltr'><strong>adrem</strong></span> <span class='ocrx_word' id='word_1_101' title='bbox 2233 1288 2344 1347; x_wconf 86' lang='lat' dir='ltr'><strong>ge-</strong></span> 
     </span>
     <span class='ocr_line' id='line_1_14' title="bbox 362 1354 2347 1432; baseline 0 -16"><span class='ocrx_word' id='word_1_102' title='bbox 362 1357 629 1417; x_wconf 74' lang='lat' dir='ltr'><strong>rendam</strong></span> <span class='ocrx_word' id='word_1_103' title='bbox 653 1357 802 1417; x_wconf 81' lang='lat' dir='ltr'><strong>sore.</strong></span> <span class='ocrx_word' id='word_1_104' title='bbox 834 1355 1016 1431; x_wconf 85' lang='lat' dir='ltr'><strong>igitur</strong></span> <span class='ocrx_word' id='word_1_105' title='bbox 1039 1354 1330 1432; x_wconf 87' lang='lat' dir='ltr'><strong>operibus</strong></span> <span class='ocrx_word' id='word_1_106' title='bbox 1355 1370 1720 1431; x_wconf 84' lang='lat' dir='ltr'><strong>oppugnare</strong></span> <span class='ocrx_word' id='word_1_107' title='bbox 1739 1354 1952 1415; x_wconf 87' lang='lat' dir='ltr'><strong>urbem</strong></span> <span class='ocrx_word' id='word_1_108' title='bbox 1973 1356 2347 1430; x_wconf 81' lang='lat' dir='ltr'><strong>adgressuS,</strong></span> 
     </span>
     <span class='ocr_line' id='line_1_15' title="bbox 374 1438 2344 1537; baseline -0.001 -36"><span class='ocrx_word' id='word_1_109' title='bbox 374 1441 456 1501; x_wconf 88' lang='lat' dir='ltr'><strong>ad-</strong></span> <span class='ocrx_word' id='word_1_110' title='bbox 482 1455 647 1499; x_wconf 88' lang='lat' dir='ltr'><strong>mare</strong></span> <span class='ocrx_word' id='word_1_111' title='bbox 688 1439 963 1537; x_wconf 81' lang='lat' dir='ltr'><strong>partibus</strong></span> <span class='ocrx_word' id='word_1_112' title='bbox 1008 1438 1247 1500; x_wconf 88' lang='lat' dir='ltr'><strong>duabus</strong></span> <span class='ocrx_word' id='word_1_113' title='bbox 1292 1440 1520 1514; x_wconf 84' lang='lat' dir='ltr'><strong>pariter</strong></span> <span class='ocrx_word' id='word_1_114' title='bbox 1551 1438 1988 1500; x_wconf 85' lang='lat' dir='ltr'><strong>munitionibus</strong></span> <span class='ocrx_word' id='word_1_115' title='bbox 2031 1440 2344 1513; x_wconf 80' lang='lat' dir='ltr'><strong>deductiS,</strong></span> 
     </span>
     <span class='ocr_line' id='line_1_16' title="bbox 370 1522 2344 1599; baseline 0 -16"><span class='ocrx_word' id='word_1_116' title='bbox 370 1524 675 1599; x_wconf 88' lang='lat' dir='ltr'><strong>utrimque</strong></span> <span class='ocrx_word' id='word_1_117' title='bbox 700 1525 916 1583; x_wconf 83' lang='lat' dir='ltr'><strong>vineas</strong></span> <span class='ocrx_word' id='word_1_118' title='bbox 946 1531 1008 1585; x_wconf 91' lang='lat' dir='ltr'><strong>et</strong></span> <span class='ocrx_word' id='word_1_119' title='bbox 1036 1538 1322 1599; x_wconf 82' lang='lat' dir='ltr'><strong>aggerem</strong></span> <span class='ocrx_word' id='word_1_120' title='bbox 1351 1538 1524 1583; x_wconf 86' lang='lat' dir='ltr'><strong>muro</strong></span> <span class='ocrx_word' id='word_1_121' title='bbox 1555 1522 1813 1584; x_wconf 82' lang='lat' dir='ltr'><strong>iniunxit</strong></span> <span class='ocrx_word' id='word_1_122' title='bbox 1833 1530 1896 1583; x_wconf 83' lang='lat' dir='ltr'><strong>et</strong></span> <span class='ocrx_word' id='word_1_123' title='bbox 1920 1522 2344 1583; x_wconf 80' lang='lat' dir='ltr'><strong>testudinibus</strong></span> 
     </span>
    </p>
   </div>
   <div class='ocr_carea' id='block_1_3' title="bbox 247 1605 2344 1693">
    <p class='ocr_par' dir='ltr' id='par_1_3' title="bbox 247 1605 2344 1693">
     <span class='ocr_line' id='line_1_17' title="bbox 247 1605 2344 1693; baseline -0 -25"><span class='ocrx_word' id='word_1_124' title='bbox 247 1680 255 1684; x_wconf 12' lang='grc' dir='ltr'><strong>Α</strong></span> <span class='ocrx_word' id='word_1_125' title='bbox 372 1608 593 1667; x_wconf 86' lang='lat' dir='ltr'><strong>arietes</strong></span> <span class='ocrx_word' id='word_1_126' title='bbox 628 1607 913 1668; x_wconf 90' lang='lat' dir='ltr'><strong>admovit.</strong></span> <span class='ocrx_word' id='word_1_127' title='bbox 984 1606 1207 1693; x_wconf 88' lang='lat' dir='ltr'><strong>quibus</strong></span> <span class='ocrx_word' id='word_1_128' title='bbox 1236 1605 1427 1668; x_wconf 86' lang='lat' dir='ltr'><strong>territi</strong></span> <span class='ocrx_word' id='word_1_129' title='bbox 1456 1606 1632 1667; x_wconf 86' lang='lat' dir='ltr'><strong>malis</strong></span> <span class='ocrx_word' id='word_1_130' title='bbox 1663 1605 2024 1682; x_wconf 86' lang='lat' dir='ltr'><strong>Colophonii</strong></span> <span class='ocrx_word' id='word_1_131' title='bbox 2055 1622 2126 1667; x_wconf 86' lang='lat'><strong>01</strong></span> <span class='ocrx_word' id='word_1_132' title='bbox 2127 1612 2344 1667; x_wconf 81' lang='lat' dir='ltr'><strong>atores</strong></span> 
     </span>
    </p>
   </div>
   <div class='ocr_carea' id='block_1_4' title="bbox 371 1676 2344 3532">
    <p class='ocr_par' dir='ltr' id='par_1_4' title="bbox 371 1676 2344 3532">
     <span class='ocr_line' id='line_1_18' title="bbox 376 1676 2344 1766; baseline -0.001 -15"><span class='ocrx_word' id='word_1_133' title='bbox 376 1690 622 1751; x_wconf 84' lang='lat' dir='ltr'><strong>Samum</strong></span> <span class='ocrx_word' id='word_1_134' title='bbox 666 1691 745 1750; x_wconf 90' lang='lat' dir='ltr'><strong>ad</strong></span> <span class='ocrx_word' id='word_1_135' title='bbox 774 1692 840 1749; x_wconf 95' lang='lat' dir='ltr'><strong>L.</strong></span> <span class='ocrx_word' id='word_1_136' title='bbox 870 1676 1225 1763; x_wconf 86' lang='lat' dir='ltr'><strong>Aemilium&#39;,</strong></span> <span class='ocrx_word' id='word_1_137' title='bbox 1271 1690 1458 1751; x_wconf 88' lang='lat' dir='ltr'><strong>fidem</strong></span> <span class='ocrx_word' id='word_1_138' title='bbox 1501 1691 1799 1765; x_wconf 82' lang='lat' dir='ltr'><strong>praetoris</strong></span> <span class='ocrx_word' id='word_1_139' title='bbox 1842 1686 2183 1766; x_wconf 81' lang='lat' dir='ltr'><strong>populique</strong></span> <span class='ocrx_word' id='word_1_140' title='bbox 2211 1690 2344 1751; x_wconf 85' lang='lat' dir='ltr'><strong>Ro-</strong></span> 
     </span>
     <span class='ocr_line' id='line_1_19' title="bbox 373 1772 2342 1849; baseline -0.001 -14"><span class='ocrx_word' id='word_1_141' title='bbox 373 1772 537 1835; x_wconf 89' lang='lat' dir='ltr'><strong>mani</strong></span> <span class='ocrx_word' id='word_1_142' title='bbox 587 1774 1012 1847; x_wconf 81' lang='lat' dir='ltr'><strong>imploranteS‚</strong></span> <span class='ocrx_word' id='word_1_143' title='bbox 1064 1773 1378 1834; x_wconf 77' lang='lat' dir='ltr'><strong>miserunt.</strong></span> <span class='ocrx_word' id='word_1_144' title='bbox 1449 1774 1772 1835; x_wconf 86' lang='lat' dir='ltr'><strong>Aemi-lium</strong></span> <span class='ocrx_word' id='word_1_145' title='bbox 1813 1781 1874 1835; x_wconf 89' lang='lat' dir='ltr'><strong>et</strong></span> <span class='ocrx_word' id='word_1_146' title='bbox 1915 1772 2079 1833; x_wconf 83' lang='lat' dir='ltr'><strong>Sami</strong></span> <span class='ocrx_word' id='word_1_147' title='bbox 2121 1775 2342 1849; x_wconf 79' lang='lat' dir='ltr'><strong>segnis</strong></span> 
     </span>
     <span class='ocr_line' id='line_1_20' title="bbox 376 1855 2338 1935; baseline 0.002 -20"><span class='ocrx_word' id='word_1_148' title='bbox 376 1856 479 1921; x_wconf 86' lang='lat' dir='ltr'><strong>diu</strong></span> <span class='ocrx_word' id='word_1_149' title='bbox 508 1872 681 1919; x_wconf 78' lang='lat' dir='ltr'><strong>mora</strong></span> <span class='ocrx_word' id='word_1_150' title='bbox 724 1855 1106 1933; x_wconf 84' lang='lat' dir='ltr'><strong>offendebat,</strong></span> <span class='ocrx_word' id='word_1_151' title='bbox 1150 1855 1300 1917; x_wconf 87' lang='lat' dir='ltr'><strong>nihil</strong></span> <span class='ocrx_word' id='word_1_152' title='bbox 1327 1857 1527 1917; x_wconf 89' lang='lat' dir='ltr'><strong>minus</strong></span> <span class='ocrx_word' id='word_1_153' title='bbox 1556 1856 1906 1934; x_wconf 81' lang='lat' dir='ltr'><strong>opinantem</strong></span> <span class='ocrx_word' id='word_1_154' title='bbox 1938 1872 2121 1933; x_wconf 87' lang='lat' dir='ltr'><strong>quam</strong></span> <span class='ocrx_word' id='word_1_155' title='bbox 2149 1855 2338 1935; x_wconf 82' lang='lat' dir='ltr'><strong>Poly-</strong></span> 
     </span>
     <span class='ocr_line' id='line_1_21' title="bbox 372 1940 2342 2020; baseline 0 -18"><span class='ocrx_word' id='word_1_156' title='bbox 372 1940 661 2002; x_wconf 83' lang='lat' dir='ltr'><strong>xenidam</strong></span> <span class='ocrx_word' id='word_1_157' title='bbox 688 1940 785 2003; x_wconf 90' lang='lat' dir='ltr'><strong>bis</strong></span> <span class='ocrx_word' id='word_1_158' title='bbox 816 1941 1187 2019; x_wconf 88' lang='lat' dir='ltr'><strong>nequiquam</strong></span> <span class='ocrx_word' id='word_1_159' title='bbox 1214 1941 1293 2003; x_wconf 91' lang='lat' dir='ltr'><strong>ab</strong></span> <span class='ocrx_word' id='word_1_160' title='bbox 1325 1956 1394 2004; x_wconf 91' lang='lat' dir='ltr'><strong>se</strong></span> <span class='ocrx_word' id='word_1_161' title='bbox 1415 1946 1812 2020; x_wconf 88' lang='lat' dir='ltr'><strong>provocatum</strong></span> <span class='ocrx_word' id='word_1_162' title='bbox 1837 1945 2200 2018; x_wconf 85' lang='lat' dir='ltr'><strong>potestatem</strong></span> <span class='ocrx_word' id='word_1_163' title='bbox 2223 1958 2342 2017; x_wconf 83' lang='lat' dir='ltr'><strong>pu-</strong></span> 
     </span>
     <span class='ocr_line' id='line_1_22' title="bbox 373 2025 2342 2104; baseline 0 -18"><span class='ocrx_word' id='word_1_164' title='bbox 373 2041 533 2101; x_wconf 75' lang='lat' dir='ltr'><strong>gnae</strong></span> <span class='ocrx_word' id='word_1_165' title='bbox 574 2027 871 2088; x_wconf 82' lang='lat' dir='ltr'><strong>facturum</strong></span> <span class='ocrx_word' id='word_1_166' title='bbox 913 2043 1084 2098; x_wconf 79' lang='lat' dir='ltr'><strong>esse3</strong></span> <span class='ocrx_word' id='word_1_167' title='bbox 1137 2035 1197 2088; x_wconf 92' lang='lat' dir='ltr'><strong>et</strong></span> <span class='ocrx_word' id='word_1_168' title='bbox 1225 2035 1402 2104; x_wconf 84' lang='lat' dir='ltr'><strong>turpe</strong></span> <span class='ocrx_word' id='word_1_169' title='bbox 1443 2026 1830 2088; x_wconf 87' lang='lat' dir='ltr'><strong>existimabat</strong></span> <span class='ocrx_word' id='word_1_170' title='bbox 1853 2025 2144 2087; x_wconf 86' lang='lat' dir='ltr'><strong>Eumenis</strong></span> <span class='ocrx_word' id='word_1_171' title='bbox 2176 2027 2342 2086; x_wconf 82' lang='lat' dir='ltr'><strong>clas·</strong></span> 
     </span>
     <span class='ocr_line' id='line_1_23' title="bbox 376 2107 2341 2184; baseline 0 -14"><span class='ocrx_word' id='word_1_172' title='bbox 376 2125 504 2170; x_wconf 90' lang='lat' dir='ltr'><strong>sem</strong></span> <span class='ocrx_word' id='word_1_173' title='bbox 535 2109 826 2170; x_wconf 85' lang='lat' dir='ltr'><strong>adiuvare</strong></span> <span class='ocrx_word' id='word_1_174' title='bbox 855 2112 1169 2172; x_wconf 88' lang='lat' dir='ltr'><strong>consulem</strong></span> <span class='ocrx_word' id='word_1_175' title='bbox 1198 2111 1280 2172; x_wconf 87' lang='lat' dir='ltr'><strong>ad</strong></span> <span class='ocrx_word' id='word_1_176' title='bbox 1306 2111 1673 2172; x_wconf 84' lang='lat' dir='ltr'><strong>traiciendas</strong></span> <span class='ocrx_word' id='word_1_177' title='bbox 1701 2112 1762 2170; x_wconf 87' lang='lat' dir='ltr'><strong>in</strong></span> <span class='ocrx_word' id='word_1_178' title='bbox 1791 2110 2004 2172; x_wconf 85' lang='lat' dir='ltr'><strong>Asiam</strong></span> <span class='ocrx_word' id='word_1_179' title='bbox 2033 2107 2341 2184; x_wconf 81' lang='lat' dir='ltr'><strong>legiones,</strong></span> 
     </span>
     <span class='ocr_line' id='line_1_24' title="bbox 376 2192 2339 2270; baseline -0.001 -17"><span class='ocrx_word' id='word_1_180' title='bbox 376 2209 447 2253; x_wconf 87' lang='lat' dir='ltr'><strong>se</strong></span> <span class='ocrx_word' id='word_1_181' title='bbox 476 2192 851 2270; x_wconf 88' lang='lat' dir='ltr'><strong>Colophonis</strong></span> <span class='ocrx_word' id='word_1_182' title='bbox 882 2195 1183 2256; x_wconf 87' lang='lat' dir='ltr'><strong>obsessae</strong></span> <span class='ocrx_word' id='word_1_183' title='bbox 1214 2196 1470 2269; x_wconf 84' lang='lat' dir='ltr'><strong>auxilio,</strong></span> <span class='ocrx_word' id='word_1_184' title='bbox 1501 2196 1792 2255; x_wconf 84' lang='lat' dir='ltr'><strong>incertam</strong></span> <span class='ocrx_word' id='word_1_185' title='bbox 1821 2195 2006 2255; x_wconf 88' lang='lat' dir='ltr'><strong>finem</strong></span> <span class='ocrx_word' id='word_1_186' title='bbox 2031 2192 2339 2267; x_wconf 86' lang='lat' dir='ltr'><strong>habituro,</strong></span> 
     </span>
     <span class='ocr_line' id='line_1_25' title="bbox 376 2275 2342 2354; baseline -0.002 -17"><span class='ocrx_word' id='word_1_187' title='bbox 376 2277 652 2353; x_wconf 77' lang='lat' dir='ltr'><strong>adligari.</strong></span> <span class='ocrx_word' id='word_1_188' title='bbox 718 2277 1031 2339; x_wconf 85' lang='lat' dir='ltr'><strong>Eudamus</strong></span> <span class='ocrx_word' id='word_1_189' title='bbox 1072 2277 1385 2352; x_wconf 88' lang='lat' dir='ltr'><strong>Rhodius,</strong></span> <span class='ocrx_word' id='word_1_190' title='bbox 1431 2279 1534 2354; x_wconf 92' lang='lat' dir='ltr'><strong>qui</strong></span> <span class='ocrx_word' id='word_1_191' title='bbox 1576 2286 1638 2339; x_wconf 92' lang='lat' dir='ltr'><strong>et</strong></span> <span class='ocrx_word' id='word_1_192' title='bbox 1673 2285 1952 2340; x_wconf 82' lang='lat' dir='ltr'><strong>tenuerat</strong></span> <span class='ocrx_word' id='word_1_193' title='bbox 1990 2292 2125 2340; x_wconf 85' lang='lat' dir='ltr'><strong>eum</strong></span> <span class='ocrx_word' id='word_1_194' title='bbox 2167 2275 2342 2336; x_wconf 88' lang='lat' dir='ltr'><strong>Sami</strong></span> 
     </span>
     <span class='ocr_line' id='line_1_26' title="bbox 376 2361 2344 2438; baseline -0.001 -18"><span class='ocrx_word' id='word_1_195' title='bbox 376 2361 718 2436; x_wconf 83' lang='lat' dir='ltr'><strong>cupientem</strong></span> <span class='ocrx_word' id='word_1_196' title='bbox 765 2361 1074 2438; x_wconf 89' lang='lat' dir='ltr'><strong>proficisci</strong></span> <span class='ocrx_word' id='word_1_197' title='bbox 1114 2364 1173 2422; x_wconf 90' lang='lat' dir='ltr'><strong>in</strong></span> <span class='ocrx_word' id='word_1_198' title='bbox 1202 2363 1698 2437; x_wconf 81' lang='lat' dir='ltr'><strong>Hellespontum,</strong></span> <span class='ocrx_word' id='word_1_199' title='bbox 1743 2363 2065 2437; x_wconf 87' lang='lat' dir='ltr'><strong>cunctique</strong></span> <span class='ocrx_word' id='word_1_200' title='bbox 2105 2362 2344 2420; x_wconf 83' lang='lat' dir='ltr'><strong>instare</strong></span> 
     </span>
     <span class='ocr_line' id='line_1_27' title="bbox 374 2444 2341 2522; baseline -0.001 -20"><span class='ocrx_word' id='word_1_201' title='bbox 374 2451 435 2502; x_wconf 84' lang='lat' dir='ltr'><strong>et</strong></span> <span class='ocrx_word' id='word_1_202' title='bbox 462 2444 669 2505; x_wconf 91' lang='lat' dir='ltr'><strong>dicere</strong></span> <span class='ocrx_word' id='word_1_203' title='bbox 700 2453 927 2522; x_wconf 83' lang='lat' dir='ltr'><strong>quanto</strong></span> <span class='ocrx_word' id='word_1_204' title='bbox 958 2447 1150 2507; x_wconf 89' lang='lat' dir='ltr'><strong>satius</strong></span> <span class='ocrx_word' id='word_1_205' title='bbox 1174 2461 1318 2507; x_wconf 91' lang='lat' dir='ltr'><strong>esse</strong></span> <span class='ocrx_word' id='word_1_206' title='bbox 1337 2447 1440 2507; x_wconf 86' lang='lat' dir='ltr'><strong>vel</strong></span> <span class='ocrx_word' id='word_1_207' title='bbox 1464 2447 1672 2508; x_wconf 87' lang='lat' dir='ltr'><strong>socios</strong></span> <span class='ocrx_word' id='word_1_208' title='bbox 1699 2446 2024 2508; x_wconf 86' lang='lat' dir='ltr'><strong>obsidione</strong></span> <span class='ocrx_word' id='word_1_209' title='bbox 2045 2445 2341 2517; x_wconf 85' lang='lat' dir='ltr'><strong>eximere,</strong></span> 
     </span>
     <span class='ocr_line' id='line_1_28' title="bbox 372 2527 2340 2592; baseline 0.001 -7"><span class='ocrx_word' id='word_1_210' title='bbox 372 2529 471 2586; x_wconf 91' lang='lat' dir='ltr'><strong>vel</strong></span> <span class='ocrx_word' id='word_1_211' title='bbox 504 2527 725 2589; x_wconf 88' lang='lat' dir='ltr'><strong>victam</strong></span> <span class='ocrx_word' id='word_1_212' title='bbox 754 2529 873 2590; x_wconf 87' lang='lat' dir='ltr'><strong>iam</strong></span> <span class='ocrx_word' id='word_1_213' title='bbox 904 2531 1095 2590; x_wconf 89' lang='lat' dir='ltr'><strong>semel</strong></span> <span class='ocrx_word' id='word_1_214' title='bbox 1120 2532 1382 2591; x_wconf 86' lang='lat' dir='ltr'><strong>classem</strong></span> <span class='ocrx_word' id='word_1_215' title='bbox 1410 2531 1626 2592; x_wconf 88' lang='lat' dir='ltr'><strong>iterum</strong></span> <span class='ocrx_word' id='word_1_216' title='bbox 1646 2531 1895 2591; x_wconf 87' lang='lat' dir='ltr'><strong>vincere</strong></span> <span class='ocrx_word' id='word_1_217' title='bbox 1915 2535 2184 2590; x_wconf 84' lang='lat' dir='ltr'><strong>ettotam</strong></span> <span class='ocrx_word' id='word_1_218' title='bbox 2210 2541 2340 2586; x_wconf 91' lang='lat' dir='ltr'><strong>ma-</strong></span> 
     </span>
     <span class='ocr_line' id='line_1_29' title="bbox 374 2611 2340 2691; baseline 0 -22"><span class='ocrx_word' id='word_1_219' title='bbox 374 2611 459 2670; x_wconf 87' lang='lat' dir='ltr'><strong>ris</strong></span> <span class='ocrx_word' id='word_1_220' title='bbox 492 2614 959 2686; x_wconf 90' lang='lat' dir='ltr'><strong>possessionem</strong></span> <span class='ocrx_word' id='word_1_221' title='bbox 988 2614 1151 2676; x_wconf 85' lang='lat' dir='ltr'><strong>hosti</strong></span> <span class='ocrx_word' id='word_1_222' title='bbox 1178 2613 1438 2689; x_wconf 85' lang='lat' dir='ltr'><strong>eripere,</strong></span> <span class='ocrx_word' id='word_1_223' title='bbox 1473 2631 1652 2691; x_wconf 88' lang='lat' dir='ltr'><strong>quam</strong></span> <span class='ocrx_word' id='word_1_224' title='bbox 1686 2613 1946 2684; x_wconf 84' lang='lat' dir='ltr'><strong>desertis</strong></span> <span class='ocrx_word' id='word_1_225' title='bbox 1977 2611 2184 2683; x_wconf 76' lang='lat' dir='ltr'><strong>sociiS,</strong></span> <span class='ocrx_word' id='word_1_226' title='bbox 2215 2617 2340 2670; x_wconf 85' lang='lat' dir='ltr'><strong>tra-</strong></span> 
     </span>
     <span class='ocr_line' id='line_1_30' title="bbox 375 2692 2344 2774; baseline 0.002 -24"><span class='ocrx_word' id='word_1_227' title='bbox 375 2693 500 2752; x_wconf 88' lang='lat' dir='ltr'><strong>dita</strong></span> <span class='ocrx_word' id='word_1_228' title='bbox 538 2695 843 2756; x_wconf 87' lang='lat' dir='ltr'><strong>Antiocho</strong></span> <span class='ocrx_word' id='word_1_229' title='bbox 885 2699 1041 2757; x_wconf 87' lang='lat' dir='ltr'><strong>Asia</strong></span> <span class='ocrx_word' id='word_1_230' title='bbox 1076 2703 1240 2758; x_wconf 82' lang='lat' dir='ltr'><strong>terra</strong></span> <span class='ocrx_word' id='word_1_231' title='bbox 1281 2698 1556 2774; x_wconf 88' lang='lat' dir='ltr'><strong>marique</strong></span> <span class='ocrx_word' id='word_1_232' title='bbox 1594 2699 1655 2758; x_wconf 89' lang='lat' dir='ltr'><strong>in</strong></span> <span class='ocrx_word' id='word_1_233' title='bbox 1695 2697 2188 2771; x_wconf 85' lang='lat' dir='ltr'><strong>Hellespontum,</strong></span> <span class='ocrx_word' id='word_1_234' title='bbox 2230 2692 2344 2754; x_wconf 88' lang='lat' dir='ltr'><strong>ubi</strong></span> 
     </span>
     <span class='ocr_line' id='line_1_31' title="bbox 376 2775 2341 2856; baseline 0.001 -22"><span class='ocrx_word' id='word_1_235' title='bbox 376 2775 527 2836; x_wconf 88' lang='lat' dir='ltr'><strong>satis</strong></span> <span class='ocrx_word' id='word_1_236' title='bbox 558 2787 725 2838; x_wconf 89' lang='lat' dir='ltr'><strong>esset</strong></span> <span class='ocrx_word' id='word_1_237' title='bbox 752 2779 1042 2842; x_wconf 88' lang='lat' dir='ltr'><strong>Eumenis</strong></span> <span class='ocrx_word' id='word_1_238' title='bbox 1074 2781 1327 2855; x_wconf 78' lang='lat' dir='ltr'><strong>classiS,</strong></span> <span class='ocrx_word' id='word_1_239' title='bbox 1371 2781 1448 2842; x_wconf 88' lang='lat' dir='ltr'><strong>ab</strong></span> <span class='ocrx_word' id='word_1_240' title='bbox 1477 2797 1594 2842; x_wconf 87' lang='lat' dir='ltr'><strong>sua</strong></span> <span class='ocrx_word' id='word_1_241' title='bbox 1624 2786 1795 2856; x_wconf 86' lang='lat' dir='ltr'><strong>parte</strong></span> <span class='ocrx_word' id='word_1_242' title='bbox 1821 2780 1964 2840; x_wconf 88' lang='lat' dir='ltr'><strong>belli</strong></span> <span class='ocrx_word' id='word_1_243' title='bbox 1991 2777 2341 2841; x_wconf 86' lang='lat' dir='ltr'><strong>discedere.</strong></span> 
     </span>
     <span class='ocr_line' id='line_1_32' title="bbox 372 2858 2341 2940; baseline 0.002 -22"><span class='ocrx_word' id='word_1_244' title='bbox 372 2858 613 2919; x_wconf 91' lang='lat' dir='ltr'><strong>XXVII.</strong></span> <span class='ocrx_word' id='word_1_245' title='bbox 662 2862 918 2936; x_wconf 80' lang='lat' dir='ltr'><strong>profecti</strong></span> <span class='ocrx_word' id='word_1_246' title='bbox 961 2864 1037 2923; x_wconf 90' lang='lat' dir='ltr'><strong>ab</strong></span> <span class='ocrx_word' id='word_1_247' title='bbox 1070 2863 1253 2924; x_wconf 85' lang='lat' dir='ltr'><strong>Samo</strong></span> <span class='ocrx_word' id='word_1_248' title='bbox 1297 2864 1377 2924; x_wconf 87' lang='lat' dir='ltr'><strong>ad</strong></span> <span class='ocrx_word' id='word_1_249' title='bbox 1405 2865 1708 2940; x_wconf 87' lang='lat' dir='ltr'><strong>petendos</strong></span> <span class='ocrx_word' id='word_1_250' title='bbox 1739 2870 2142 2937; x_wconf 84' lang='lat' dir='ltr'><strong>commeatus,</strong></span> <span class='ocrx_word' id='word_1_251' title='bbox 2185 2876 2341 2922; x_wconf 86' lang='lat' dir='ltr'><strong>con·</strong></span> 
     </span>
     <span class='ocr_line' id='line_1_33' title="bbox 374 2945 2342 3024; baseline 0 -20"><span class='ocrx_word' id='word_1_252' title='bbox 374 2945 631 3020; x_wconf 87' lang='lat' dir='ltr'><strong>sumptis</strong></span> <span class='ocrx_word' id='word_1_253' title='bbox 676 2945 795 3005; x_wconf 90' lang='lat' dir='ltr'><strong>iam</strong></span> <span class='ocrx_word' id='word_1_254' title='bbox 838 2947 1151 3021; x_wconf 77' lang='lat' dir='ltr'><strong>omnibuS,</strong></span> <span class='ocrx_word' id='word_1_255' title='bbox 1196 2948 1412 3010; x_wconf 84' lang='lat' dir='ltr'><strong>Chium</strong></span> <span class='ocrx_word' id='word_1_256' title='bbox 1442 2949 1740 3024; x_wconf 86' lang='lat' dir='ltr'><strong>parabant</strong></span> <span class='ocrx_word' id='word_1_257' title='bbox 1767 2947 2042 3019; x_wconf 84' lang='lat' dir='ltr'><strong>traicere.</strong></span> <span class='ocrx_word' id='word_1_258' title='bbox 2111 2945 2173 3005; x_wconf 89' lang='lat' dir='ltr'><strong>id</strong></span> <span class='ocrx_word' id='word_1_259' title='bbox 2205 2951 2342 3004; x_wconf 80' lang='lat' dir='ltr'><strong>erat</strong></span> 
     </span>
     <span class='ocr_line' id='line_1_34' title="bbox 374 3025 2338 3107; baseline 0.001 -21"><span class='ocrx_word' id='word_1_260' title='bbox 374 3025 661 3088; x_wconf 87' lang='lat' dir='ltr'><strong>horreum</strong></span> <span class='ocrx_word' id='word_1_261' title='bbox 690 3031 1013 3106; x_wconf 87' lang='lat' dir='ltr'><strong>Romanis,</strong></span> <span class='ocrx_word' id='word_1_262' title='bbox 1054 3045 1259 3107; x_wconf 87' lang='lat' dir='ltr'><strong>eoque</strong></span> <span class='ocrx_word' id='word_1_263' title='bbox 1303 3048 1516 3094; x_wconf 90' lang='lat' dir='ltr'><strong>omnes</strong></span> <span class='ocrx_word' id='word_1_264' title='bbox 1545 3048 1626 3091; x_wconf 86' lang='lat' dir='ltr'><strong>ex</strong></span> <span class='ocrx_word' id='word_1_265' title='bbox 1652 3032 1823 3092; x_wconf 88' lang='lat' dir='ltr'><strong>Italia</strong></span> <span class='ocrx_word' id='word_1_266' title='bbox 1857 3032 2086 3092; x_wconf 86' lang='lat' dir='ltr'><strong>missae</strong></span> <span class='ocrx_word' id='word_1_267' title='bbox 2115 3043 2338 3089; x_wconf 85' lang='lat' dir='ltr'><strong>onera-</strong></span> 
     </span>
     <span class='ocr_line' id='line_1_35' title="bbox 371 3111 2342 3188; baseline 0.002 -19"><span class='ocrx_word' id='word_1_268' title='bbox 371 3111 498 3170; x_wconf 89' lang='lat' dir='ltr'><strong>riae</strong></span> <span class='ocrx_word' id='word_1_269' title='bbox 542 3112 883 3188; x_wconf 80' lang='lat' dir='ltr'><strong>dirigebant</strong></span> <span class='ocrx_word' id='word_1_270' title='bbox 926 3131 1192 3176; x_wconf 85' lang='lat' dir='ltr'><strong>cursum.</strong></span> <span class='ocrx_word' id='word_1_271' title='bbox 1256 3117 1650 3176; x_wconf 85' lang='lat' dir='ltr'><strong>circumvecti</strong></span> <span class='ocrx_word' id='word_1_272' title='bbox 1693 3115 1770 3176; x_wconf 86' lang='lat' dir='ltr'><strong>ab</strong></span> <span class='ocrx_word' id='word_1_273' title='bbox 1810 3115 1964 3175; x_wconf 86' lang='lat' dir='ltr'><strong>urbe</strong></span> <span class='ocrx_word' id='word_1_274' title='bbox 2005 3115 2084 3174; x_wconf 88' lang='lat' dir='ltr'><strong>ad</strong></span> <span class='ocrx_word' id='word_1_275' title='bbox 2113 3127 2342 3172; x_wconf 80' lang='lat' dir='ltr'><strong>aversa</strong></span> 
     </span>
     <span class='ocr_line' id='line_1_36' title="bbox 371 3192 2342 3276; baseline 0.002 -23"><span class='ocrx_word' id='word_1_276' title='bbox 371 3192 611 3256; x_wconf 87' lang='lat' dir='ltr'><strong>insulae</strong></span> <span class='ocrx_word' id='word_1_277' title='bbox 632 3229 718 3240; x_wconf 89' lang='lat'><strong>--</strong></span> <span class='ocrx_word' id='word_1_278' title='bbox 744 3199 985 3260; x_wconf 88' lang='lat' dir='ltr'><strong>obiecta</strong></span> <span class='ocrx_word' id='word_1_279' title='bbox 1026 3198 1297 3275; x_wconf 88' lang='lat' dir='ltr'><strong>aquiloni</strong></span> <span class='ocrx_word' id='word_1_280' title='bbox 1327 3200 1406 3261; x_wconf 90' lang='lat' dir='ltr'><strong>ad</strong></span> <span class='ocrx_word' id='word_1_281' title='bbox 1437 3199 1649 3260; x_wconf 90' lang='lat' dir='ltr'><strong>Chium</strong></span> <span class='ocrx_word' id='word_1_282' title='bbox 1677 3206 1739 3259; x_wconf 92' lang='lat' dir='ltr'><strong>et</strong></span> <span class='ocrx_word' id='word_1_283' title='bbox 1762 3197 2059 3276; x_wconf 79' lang='lat' dir='ltr'><strong>Erythras</strong></span> <span class='ocrx_word' id='word_1_284' title='bbox 2089 3203 2342 3257; x_wconf 85' lang='lat' dir='ltr'><strong>sunt——</strong></span> 
     </span>
     <span class='ocr_line' id='line_1_37' title="bbox 373 3275 2338 3357; baseline -0.001 -20"><span class='ocrx_word' id='word_1_285' title='bbox 373 3293 511 3338; x_wconf 90' lang='lat' dir='ltr'><strong>cum</strong></span> <span class='ocrx_word' id='word_1_286' title='bbox 543 3288 828 3354; x_wconf 85' lang='lat' dir='ltr'><strong>pararent</strong></span> <span class='ocrx_word' id='word_1_287' title='bbox 862 3282 1145 3354; x_wconf 86' lang='lat' dir='ltr'><strong>traicere,</strong></span> <span class='ocrx_word' id='word_1_288' title='bbox 1184 3283 1395 3344; x_wconf 84' lang='lat' dir='ltr'><strong>litteris</strong></span> <span class='ocrx_word' id='word_1_289' title='bbox 1435 3283 1657 3343; x_wconf 84' lang='lat' dir='ltr'><strong>certior</strong></span> <span class='ocrx_word' id='word_1_290' title='bbox 1683 3282 1750 3342; x_wconf 81' lang='lat' dir='ltr'><strong>fit</strong></span> <span class='ocrx_word' id='word_1_291' title='bbox 1775 3288 2024 3357; x_wconf 83' lang='lat' dir='ltr'><strong>praetor</strong></span> <span class='ocrx_word' id='word_1_292' title='bbox 2053 3275 2338 3341; x_wconf 75' lang='lat' dir='ltr'><strong>frumenti</strong></span> 
     </span>
     <span class='ocr_line' id='line_1_38' title="bbox 372 3359 2340 3440; baseline 0.001 -21"><span class='ocrx_word' id='word_1_293' title='bbox 372 3359 495 3420; x_wconf 90' lang='lat' dir='ltr'><strong>vim</strong></span> <span class='ocrx_word' id='word_1_294' title='bbox 535 3378 815 3438; x_wconf 85' lang='lat' dir='ltr'><strong>magnam</strong></span> <span class='ocrx_word' id='word_1_295' title='bbox 863 3364 1075 3426; x_wconf 85' lang='lat' dir='ltr'><strong>Chium</strong></span> <span class='ocrx_word' id='word_1_296' title='bbox 1120 3381 1199 3425; x_wconf 87' lang='lat' dir='ltr'><strong>ex</strong></span> <span class='ocrx_word' id='word_1_297' title='bbox 1236 3367 1408 3427; x_wconf 91' lang='lat' dir='ltr'><strong>Italia</strong></span> <span class='ocrx_word' id='word_1_298' title='bbox 1445 3367 1723 3440; x_wconf 88' lang='lat' dir='ltr'><strong>venisse,</strong></span> <span class='ocrx_word' id='word_1_299' title='bbox 1773 3366 1979 3426; x_wconf 90' lang='lat' dir='ltr'><strong>vinum</strong></span> <span class='ocrx_word' id='word_1_300' title='bbox 2023 3369 2340 3440; x_wconf 85' lang='lat' dir='ltr'><strong>portantes</strong></span> 
     </span>
     <span class='ocr_line' id='line_1_39' title="bbox 374 3449 2338 3532; baseline 0.001 -31"><span class='ocrx_word' id='word_1_301' title='bbox 374 3459 563 3504; x_wconf 87' lang='lat' dir='ltr'><strong>naves</strong></span> <span class='ocrx_word' id='word_1_302' title='bbox 585 3522 599 3532; x_wconf 26' lang='lat'><strong>,-</strong></span> <span class='ocrx_word' id='word_1_303' title='bbox 621 3449 1085 3522; x_wconf 84' lang='lat' dir='ltr'><strong>tempestatibus</strong></span> <span class='ocrx_word' id='word_1_304' title='bbox 1142 3455 1412 3510; x_wconf 86' lang='lat' dir='ltr'><strong>retentas</strong></span> <span class='ocrx_word' id='word_1_305' title='bbox 1462 3455 1623 3511; x_wconf 87' lang='lat' dir='ltr'><strong>esse.</strong></span> <span class='ocrx_word' id='word_1_306' title='bbox 1695 3449 1876 3510; x_wconf 87' lang='lat' dir='ltr'><strong>simul</strong></span> <span class='ocrx_word' id='word_1_307' title='bbox 1924 3449 2190 3510; x_wconf 88' lang='lat' dir='ltr'><strong>adlatum</strong></span> <span class='ocrx_word' id='word_1_308' title='bbox 2243 3451 2338 3506; x_wconf 72' lang='lat' dir='ltr'><strong>est</strong></span> 
     </span>
    </p>
   </div>
   <div class='ocr_carea' id='block_1_5' title="bbox 580 3567 919 3629">
    <p class='ocr_par' dir='ltr' id='par_1_5' title="bbox 580 3567 919 3629">
     <span class='ocr_line' id='line_1_40' title="bbox 582 3567 907 3590; baseline -0.006 -4"><span class='ocrx_word' id='word_1_309' title='bbox 582 3571 663 3590; x_wconf 32' lang='grc' dir='ltr'><strong>μ».</strong></span> <span class='ocrx_word' id='word_1_310' title='bbox 740 3567 814 3578; x_wconf 40' lang='lat' dir='ltr'><strong>*a*</strong></span> <span class='ocrx_word' id='word_1_311' title='bbox 880 3569 907 3590; x_wconf 24' lang='lat' dir='ltr'><strong>t*</strong></span> 
     </span>
     <span class='ocr_line' id='line_1_41' title="bbox 608 3589 911 3610; baseline 0 -1"><span class='ocrx_word' id='word_1_312' title='bbox 608 3589 911 3610; x_wconf 50' lang='lat'><strong>******</strong></span> 
     </span>
     <span class='ocr_line' id='line_1_42' title="bbox 580 3609 919 3629; baseline 0.006 -2"><span class='ocrx_word' id='word_1_313' title='bbox 580 3613 594 3620; x_wconf 60' lang='grc' dir='ltr'><strong>-ν</strong></span> <span class='ocrx_word' id='word_1_314' title='bbox 684 3612 689 3627; x_wconf 86' lang='lat'><strong>›</strong></span> <span class='ocrx_word' id='word_1_315' title='bbox 844 3609 919 3629; x_wconf 71' lang='lat'><strong>2..</strong></span> 
     </span>
    </p>
   </div>
  </div>
 </body>
</html>
