2548 3950
30 185 31 192 l

33 193 36 204 l

28 275 35 308 ι

28 317 33 382 f

616 254 846 318 LIBER
867 257 1136 318 XXXIV.
1182 260 1348 320 CAP.
1371 270 1457 323 22.
1480 268 1567 324 23.
1615 269 1685 336 [a.
1712 269 1776 322 Ο.
1805 271 1927 337 195]
2124 265 2257 330 143

283 422 440 480 vam,
473 406 670 482 signis
700 408 955 484 collatis,
985 410 1261 472 secundo
1294 411 1531 486 proelio
1563 412 1854 475 conflixit.
1910 421 2050 478 octo
2080 417 2249 480 milia

283 491 595 552 Gallorum
638 506 824 552 caesa
865 494 1216 577 traduntur;
1273 494 1460 556 ceteri
1501 496 1733 557 omisso
1775 497 1937 560 bello
1978 499 2040 561 in
2068 502 2257 564 vicos-

281 590 434 636 suos
466 581 653 650 atque
693 590 877 651 agros
911 577 1153 654 dilapsi.
1224 580 1444 641 consul
1467 580 1771 656 reliquum
1799 584 2051 645 aestatis
2083 585 2254 648 circa

280 658 510 719 Padum
553 658 896 722 Placentiae
937 667 997 720 et
1037 661 1373 729 Cremonae
1415 664 1750 726 exercitum
1789 665 2029 742 habuit,
2068 669 2244 730 resti-

281 744 515 820 tuitque
545 758 706 817 quae
734 744 792 803 in
824 745 898 805 iis
930 746 1178 826 oppidis
1207 747 1369 809 bello
1401 746 1601 809 diruta
1629 749 1887 811 fuerant.

452 827 601 888 Cum
627 826 726 887 hic
757 833 951 889 status
991 845 1195 890 rerum
1225 830 1285 889 in
1315 831 1486 891 Italia
1511 832 1935 909 Hispaniaque
1964 842 2147 909 esset,
2177 836 2243 897 T.

282 911 559 986 Quinctio
591 911 653 970 in
685 910 940 972 Graecia
966 912 1048 973 ita
1076 913 1348 974 hibernis
1379 916 1552 992 aetiS,
1582 923 1649 976 ut
1677 918 1956 994 exceptis
1986 919 2254 995 Aetolisr

283 995 506 1071 quibus
559 1010 673 1056 nec
716 1012 827 1070 pro
858 1012 988 1071 -spe
1025 997 1320 1058 victoriae
1362 999 1636 1073 praemia
1676 1000 2082 1076 contigerant,
2128 1017 2255 1062 nec

282 1080 381 1139 diu
425 1079 603 1154 quies
646 1081 894 1154 placere
937 1087 1203 1157 poterat,
1243 1082 1534 1144 universa
1567 1083 1824 1144 Graecia
1860 1085 2040 1145 simul
2067 1085 2253 1162 pacis

281 1162 700 1238 libertatisque
745 1164 1065 1238 perfruens
1107 1165 1288 1226 bonis
1320 1167 1565 1242 egregie
1595 1173 1758 1229 statu
1786 1184 1899 1229 suo
1929 1169 2229 1244 gauderet

281 1262 395 1306 nec
438 1246 636 1322 magis
667 1246 724 1305 in
755 1247 917 1308 bello
942 1251 1222 1309 virtutem
1251 1249 1510 1311 Romani
1540 1251 1717 1311 ducis
1751 1268 1935 1328 quam
1962 1252 2024 1312 in
2056 1252 2245 1313 vieto·-

276 1331 366 1390 ria
392 1331 850 1405 temperantiam
879 1332 1291 1408 iustitiamque
1321 1341 1382 1394 et
1399 1333 1881 1395 moderationem
1904 1335 2246 1408 miraretur,

278 1421 532 1476 senatus
563 1416 925 1490 consultum,
957 1433 1080 1492 quo
1111 1417 1340 1478 bellum
1367 1418 1669 1478 adversus
1698 1416 1912 1477 Nabim
1934 1418 2243 1478 Lacedae-

277 1499 547 1560 monium
578 1499 892 1560 decretum
916 1508 1062 1575 erat,
1088 1501 1377 1562 adfertur.
1425 1517 1548 1576 quo
1572 1503 1730 1561 lecto
1757 1500 2072 1575 Quinctius
2100 1517 2243 1562 con-

277 1589 524 1643 ventum
553 1581 903 1644 Corinthum
934 1585 1201 1645 omnium
1235 1585 1544 1646 sociarum
1574 1584 1902 1645 civitatium
1930 1583 2244 1660 legationi»

279 1668 392 1726 bus
417 1667 478 1725 in
505 1665 666 1726 diem
690 1674 913 1727 certam
937 1667 1134 1730 edicit.
1166 1668 1246 1730 ad
1272 1684 1455 1743 quam
1477 1669 1582 1730 ubi
1605 1669 1957 1745 frequentes
1973 1669 2256 1745 undique

278 1750 593 1825 principes
623 1759 1068 1827 convenerunt,
1114 1752 1197 1813 ita
1223 1759 1398 1814 utne
1424 1751 1625 1813 Aetoli
1657 1751 1906 1829 quidem
1935 1752 2248 1827 abessent,

280 1834 382 1894 tali
427 1833 703 1895 oratione
744 1841 841 1896 est
878 1851 1052 1896 usus.
1117 1835 1387 1910 „bellum
1416 1837 1715 1896 adversus
1743 1834 2090 1910 Philippum
2119 1851 2244 1895 non

278 1917 473 1993 magis
506 1918 812 1980 communi
841 1919 1042 1981 animo
1075 1921 1461 1995 consilioque
1484 1919 1744 1981 Romani
1775 1925 1837 1979 et
1859 1919 2075 1979 Graeci
2104 1934 2243 1995 ges·

279 2009 521 2075 serunt,
567 2019 752 2078 quam
790 2003 1033 2079 utrique
1074 2019 1222 2064 suas
1255 2018 1478 2064 causas
1508 2004 1651 2064 belli
1684 2004 2047 2065 habuerunt.
2105 2020 2256 2063 nam

278 2093 343 2147 et
368 2086 782 2148 Romanorum
824 2087 1143 2147 amicitiam
1175 2103 1339 2147 nunc
1368 2086 1884 2162 Carthaginiensis
1912 2086 2108 2149 hostis
2140 2103 2243 2148 eo·

277 2185 414 2230 rum
442 2170 742 2244 iuvando,
786 2187 946 2231 nunc
976 2170 1074 2231 hic
1103 2172 1293 2232 sociis
1324 2170 1553 2232 nostris
1588 2171 2023 2245 oppugnandis
2055 2171 2245 2231 viola·

277 2262 483 2323 verat3
529 2259 590 2315 et
617 2253 678 2314 in
705 2270 821 2315 vos
851 2255 988 2315 talis
1020 2254 1147 2328 fuit,
1175 2260 1244 2315 ut
1270 2255 1470 2328 nobiS,
1503 2254 1741 2312 etiamsi
1764 2258 2113 2314 nostrarum
2137 2255 2245 2313 ob·

279 2337 702 2398 livisceremur
726 2337 1096 2411 iniuriarum,
1126 2343 1372 2397 vestrae
1395 2337 1649 2397 iniuriae
1672 2336 1821 2397 satis
1846 2335 2032 2411 digna
2056 2353 2248 2397 causa

277 2421 424 2481 belli
476 2422 670 2482 fuerit.
735 2421 1035 2483 hodierna
1077 2421 1444 2482 consultatio
1487 2425 1616 2482 tota
1656 2436 1734 2481 ex
1773 2420 1953 2481 vobis
1998 2422 2245 2495 pendet.

278 2505 483 2566 refero
517 2504 675 2566 enim
704 2506 784 2565 ad
811 2522 948 2579 voS,
977 2511 1176 2566 utrum
1206 2506 1431 2579 Argos,
1464 2504 1624 2565 sicut
1650 2504 1820 2565 scitis
1852 2503 1989 2579 ipsi,
2020 2503 2099 2564 ab
2128 2504 2245 2563 Na·

277 2588 426 2649 bide
468 2595 807 2664 occupatos
852 2589 977 2664 pati
1005 2589 1205 2649 velitis
1237 2588 1352 2649 sub
1383 2588 1625 2648 dicione
1654 2589 1788 2649 eius
1819 2604 1991 2661 esse,
2035 2604 2114 2648 an
2144 2602 2245 2647 ae-

283 2689 476 2746 quum
505 2673 809 2734 censeatis
832 2672 1273 2735 nobilissimam
1296 2672 1900 2749 vetustissimamque
1923 2671 2247 2746 civitatem,

281 2758 343 2815 in
386 2756 591 2817 media
633 2757 889 2818 Graecia
937 2756 1142 2829 sitam,
1194 2757 1391 2833 repeti
1438 2756 1498 2816 in
1542 2758 1880 2818 libertatem
1920 2764 1981 2818 et
2028 2756 2254 2817 eodem

282 2846 443 2901 statu
495 2855 618 2916 quo
671 2847 908 2901 ceteras
957 2841 1144 2902 urbes
1182 2838 1598 2916 Peloponnesi
1648 2847 1707 2902 et
1746 2840 2041 2902 Graeciae
2083 2853 2246 2899 esse.

282 2924 440 2984 haec
471 2924 868 2998 consultatio,
909 2931 975 2986 ut
1002 2924 1255 3000 videtis,
1294 2930 1423 2986 tota
1449 2925 1529 2985 de
1554 2941 1623 2986 re
1653 2926 1993 3000 pertinente
2023 2924 2101 2983 ad
2131 2938 2252 2982 vos

282 3014 408 3068 est:
477 3006 791 3072 Romanos
849 3008 997 3068 nihil
1054 3008 1374 3083 contingit,
1432 3008 1552 3069 nisi
1602 3014 1905 3084 quatenus
1956 3006 2256 3066 liberatae

283 3091 579 3152 Graeciae
608 3093 791 3153 unius
821 3092 1079 3153 civitatis
1109 3092 1374 3153 servitus
1402 3108 1525 3153 non
1550 3091 1792 3167 plenam
1815 3105 1931 3149 nec
1952 3089 2256 3162 integram

279 3175 538 3250 gloriam
583 3190 726 3236 esse
755 3175 915 3238 sinit.
975 3182 1242 3236 ceterum
1274 3175 1327 3234 si
1359 3191 1473 3235 vos
1502 3190 1618 3235 nec
1648 3189 1795 3235 cura
1820 3171 1955 3232 eius
1985 3170 2254 3233 civitatis

282 3274 399 3319 nec
444 3261 791 3335 exemplum
843 3274 959 3320 nee
1010 3258 1347 3334 periculum
1395 3264 1630 3331 movet,
1679 3273 1758 3318 ne
1808 3262 2019 3330 serpat
2065 3254 2253 3317 latius

281 3343 568 3418 contagio
611 3344 745 3404 eius
786 3343 960 3415 mali,
1005 3358 1122 3405 nos
1162 3339 1646 3418 aequibonique
1676 3340 1949 3401 facimus.
2024 3340 2101 3401 dc
2130 3339 2254 3399 hae

280 3441 350 3486 re
393 3442 508 3487 vos
555 3428 845 3503 consulo,
889 3432 1159 3489 staturus
1201 3442 1311 3501 eo,
1363 3425 1531 3501 quod
1574 3426 1779 3502 plures
1822 3424 2252 3488 censueritis.“

279 3510 492 3570 XXIII.
552 3517 700 3587 post
756 3510 1090 3574 orationem
1139 3510 1399 3573 Romani
1451 3510 1836 3587 imperatoris
1892 3505 2250 3586 percenseri·
