2548 3950
637 196 865 258 Lmen
890 197 1155 258 xxxm.
1200 197 1370 259 CAP.
1393 207 1444 259 5.
1469 207 1520 261 6.
1569 205 1881 273 [scas-1]
1981 187 1989 198 ’
2148 197 2230 265 87

274 354 391 415 sed
438 368 621 412 usum
670 366 786 411 nee
827 351 907 410 ad
948 351 1434 412 commoditatem
1482 351 1713 412 serendi
1754 368 1869 412 nec
1911 353 1992 412 ad
2032 353 2230 428 ipsius

272 435 627 497 munitionis
670 435 1112 495 firmamentum
1154 441 1533 509 aptaverunt.
1605 451 1746 497 nam
1787 444 1847 495 et
1879 437 2142 498 maiores
2172 446 2232 498 et

272 521 471 594 magis
499 533 781 578 ramosas
812 518 1063 579 arbores
1096 517 1455 593 caedebant,
1501 534 1683 594 quam
1714 535 1868 594 quas
1899 521 2060 580 serre
2090 536 2230 582 cum

274 603 462 664 armis
486 603 663 663 miles
689 607 925 677 posset,
970 609 1037 662 ut
1062 617 1199 662 cum
1232 609 1434 663 castra
1462 603 1559 662 his
1589 609 1729 662 ante
1760 603 2016 664 obiectis
2046 619 2228 680 saep-

271 689 534 760 sissent,
569 685 763 746 facilis
792 686 1019 746 molitio
1050 699 1261 746 eorum
1289 685 1434 746 valli
1461 692 1608 746 erat.
1673 701 1815 746 nam
1843 692 1905 747 et
1935 687 2080 762 quia
2105 687 2226 746 rari

272 770 515 846 stipites
544 783 898 844 magnarum
928 767 1213 828 arborum
1240 769 1604 844 eminebant,
1633 769 1927 844 multique
1953 776 2017 831 et
2041 771 2227 830 validi

270 853 423 913 rami
447 851 827 927 praebebant
848 853 1016 926 quod
1042 857 1208 913 recte
1228 867 1414 912 manu
1435 860 1774 928 caperetur,
1790 853 1912 916 duo
1938 860 2041 914 aut
2063 869 2226 913 sum·

270 951 437 996 mum
475 943 601 996 tres
642 936 897 997 iuvenes
928 935 1134 996 conixi
1164 935 1445 997 arborem
1476 952 1660 996 unam
1690 937 2060 1010 evellebant,
2105 953 2228 1012 qua

268 1021 489 1080 evulsa
528 1026 745 1093 portae
782 1020 976 1079 instar
1016 1020 1322 1094 extemplo
1364 1019 1636 1094 patebat,
1681 1035 1796 1080 nec
1837 1019 1899 1078 in
1938 1028 2227 1095 promptu

269 1109 401 1162 erat
439 1103 607 1177 quod
648 1102 1099 1164 obmolirentur.
1154 1101 1469 1164 Romanus
1505 1103 1676 1164 leves
1706 1111 1767 1163 et
1793 1102 2068 1164 bifurcos
2099 1105 2226 1178 ple-

266 1201 504 1261 rosque
520 1231 535 1260 ,
578 1193 639 1248 et
664 1187 876 1260 trium,
919 1193 1024 1247 aut
1051 1201 1189 1248 cum
1218 1187 1575 1262 plurimum,
1608 1193 1894 1263 quattuor
1917 1203 2226 1248 ramorum

271 1269 475 1330 vallos
516 1269 743 1343 caedit,
784 1275 851 1330 ut
878 1277 940 1330 et
966 1271 1292 1344 suspensis
1323 1271 1400 1330 ab
1430 1277 1601 1346 tergo
1633 1271 1816 1332 armis
1849 1273 2004 1332 ferat
2031 1271 2223 1346 pluris

266 1353 449 1413 simul
496 1360 641 1429 apte
686 1352 895 1422 miles;
961 1359 1023 1414 et
1067 1354 1154 1413 ita
1202 1355 1433 1414 densos
1484 1355 1744 1430 offigunt
1790 1355 2225 1429 implicantque

264 1451 503 1510 ramos,
545 1443 615 1497 ut
652 1451 855 1514 neque
878 1436 944 1474 **
968 1452 1127 1511 quae
1166 1437 1468 1512 cuiusque
1497 1438 1716 1512 stipitis
1747 1439 1951 1512 palma
1979 1438 2058 1498 sit
2084 1451 2223 1511 per-

262 1519 462 1580 videri
500 1521 733 1594 possit;
788 1527 853 1580 et
892 1519 1048 1581 adeo
1089 1521 1249 1580 acuti
1290 1521 1574 1596 aliusque
1611 1536 1726 1597 per
1757 1521 1942 1580 alium
1969 1519 2224 1581 immissi

262 1601 423 1664 radii
448 1605 651 1665 locum
678 1605 759 1664 ad
785 1603 1175 1664 inserendam
1204 1620 1448 1664 manum
1473 1621 1602 1664 non
1630 1606 1995 1684 relinquunt,
2026 1613 2092 1666 ut
2119 1619 2222 1663 ne-

264 1701 389 1762 que
428 1686 726 1761 prehendi
773 1688 944 1763 quod
976 1687 1278 1760 trahatur,
1321 1703 1526 1763 neque
1567 1688 1754 1762 trahi,
1800 1704 1938 1748 cum
1964 1689 2123 1750 inter
2152 1703 2223 1748 se

263 1769 474 1830 innexi
513 1770 665 1830 rami
706 1771 1014 1832 vinculum
1055 1771 1115 1833 in
1157 1771 1355 1832 vicem
1395 1773 1759 1847 praebeant,
1801 1773 2032 1848 possit;
2077 1778 2140 1832 et
2168 1771 2222 1831 si

260 1854 517 1915 evulsus
557 1855 713 1915 forte
752 1864 848 1916 est
874 1871 1064 1929 unus,
1108 1871 1223 1916 nee
1251 1856 1372 1917 loci
1399 1857 1652 1917 multum
1682 1855 1906 1931 aperit,
1950 1863 2011 1915 et
2038 1857 2222 1914 alium

260 1953 567 2014 reponere
595 1938 887 2014 perfacile
918 1947 1031 2001 est.

432 2022 537 2083 vl.
597 2022 911 2096 Quinctius
940 2030 1192 2099 postero
1223 2024 1324 2084 die
1351 2026 1578 2085 vallum
1606 2038 1818 2085 secum
1845 2024 2080 2084 ferente
2112 2023 2220 2082 mi-
2298 2034 2306 2043 ·

262 2104 367 2167 lite
412 2113 482 2167 ut
520 2113 774 2181 paratus
825 2108 989 2168 omni
1039 2109 1177 2168 loco
1219 2106 1439 2169 castris
1481 2108 1786 2182 ponendis
1829 2115 2026 2183 esset,
2074 2124 2220 2183 pro-

259 2204 520 2263 gressus
549 2190 857 2253 modicum
884 2191 1013 2266 iter,
1044 2206 1159 2252 sex
1187 2191 1378 2250 ferme
1407 2190 1572 2250 milia
1599 2207 1640 2250 a
1663 2189 1878 2251 Pheris
1905 2206 2045 2251 cum
2075 2206 2220 2251 con-

262 2272 547 2348 sedisset,
578 2275 977 2349 speculatum,
1006 2274 1068 2334 in
1099 2290 1221 2350 qua
1246 2279 1424 2347 parte
1446 2272 1798 2333 Thessaliae
1827 2272 2024 2334 hostis
2055 2282 2224 2333 esset

261 2357 497 2432 quidve
522 2365 783 2432 pararet,
808 2357 989 2419 misit.
1035 2356 1201 2417 circa
1220 2356 1497 2417 Larisam
1527 2362 1658 2416 erat
1683 2371 1814 2417 rex.
1860 2355 2082 2416 certior
2101 2356 2220 2416 iam

258 2443 459 2502 factus
480 2441 830 2501 Romanum.
848 2442 927 2501 ab
945 2440 1169 2501 Thebis
1192 2438 1424 2501 Pheras
1444 2440 1734 2514 movisse,
1765 2439 2015 2515 defungi
2039 2454 2220 2515 quam

258 2524 523 2599 primum
550 2524 775 2599 etipse
804 2524 1132 2585 certamine
1160 2524 1418 2599 cupiens
1449 2526 1678 2585 ducere
1706 2524 2054 2585 adhostem
2077 2539 2218 2599 per·

256 2607 379 2683 git,
422 2613 485 2667 et
524 2615 811 2683 quattuor
852 2607 1016 2668 milia
1055 2608 1186 2668 fere
1226 2624 1263 2667 a
1289 2608 1498 2669 Pheris
1539 2608 1749 2685 posuit
1787 2616 2008 2669 castra.
2075 2608 2220 2667 inde

256 2698 515 2766 postero
558 2692 659 2752 die
687 2707 826 2753 cum
858 2691 1129 2767 expediti
1156 2692 1462 2767 utrimque
1489 2693 1570 2753 ad
1598 2693 1998 2768 occupandos
2031 2706 2222 2767 super

254 2774 475 2835 urbem
523 2776 790 2837 tumulos
842 2774 1324 2852 processissent,
1375 2776 1508 2851 pari
1551 2776 1741 2837 ferme
1779 2777 2094 2837 intervallo
2140 2775 2217 2835 ab

256 2858 403 2933 iugo
436 2859 605 2933 quod
633 2859 1001 2934 capiendum
1031 2866 1179 2933 erat,
1209 2876 1350 2920 eum
1371 2859 1527 2921 inter
1553 2876 1625 2921 se
1647 2861 1967 2935 conspecti
1990 2866 2216 2929 essent,

254 2941 689 3016 constiterunt,
734 2943 981 3003 nuntios
1021 2942 1083 3001 in
1132 2949 1336 3005 castra
1373 2944 1699 3018 remissoS,
1739 2944 1844 3019 qui
1889 2943 2035 3019 quid
2079 2940 2216 3014 sibi,

258 3024 548 3101 quoniam
577 3032 817 3101 praeter
840 3042 1018 3102 spem
1038 3025 1236 3087 hostis
1262 3028 1650 3099 occurrisset,
1683 3025 2031 3086 faciendum
2052 3032 2220 3085 esset

256 3109 682 3183 consulerent,
726 3110 916 3185 quieti
944 3110 1360 3185 opperientes.
1423 3117 1484 3171 et
1510 3110 1614 3171 illo
1645 3109 1893 3183 quidem
1922 3107 2022 3167 die
2050 3108 2216 3167 nullo

254 3191 405 3254 inito
448 3193 780 3253 certamine
803 3194 864 3254 in
895 3201 1100 3254 castra
1124 3194 1397 3253 revocati
1433 3200 1604 3253 sunta
1650 3198 1902 3267 postero
1927 3190 2027 3252 die
2057 3190 2219 3250 circa
2305 3258 2312 3265 ,

254 3276 515 3337 eosdem
542 3278 809 3337 tumulos
839 3282 1127 3352 equestre
1154 3276 1452 3351 praelium
1479 3276 1608 3347 fuit,
1645 3275 1710 3335 in
1741 3290 1865 3351 quo
1894 3290 2016 3357 non
2046 3272 2216 3333 mini-

254 3374 419 3422 mum
446 3360 807 3421 Aetolorum
847 3375 1042 3435 opera
1080 3360 1233 3434 regii
1272 3359 1462 3434 fugati
1504 3366 1689 3433 atque
1728 3359 1790 3419 in
1823 3364 2024 3419 castra
2053 3372 2219 3417 com-

252 3444 417 3521 pulsi
438 3450 603 3504 sunt.
634 3459 922 3517 magnum
940 3444 1220 3521 utrisque
1243 3442 1744 3517 impedimentum
1757 3442 1836 3503 ad
1849 3457 1979 3502 rem
2001 3456 2218 3517 geren·
