2548 3950
316 218 401 284 82
560 215 790 278 LmEP.
816 214 1052 276 xxxn.
1100 214 1602 276 eff.ae.39.m.
1645 214 1716 291 [a.
1744 218 1814 271 n.
1840 215 2038 291 assa]

320 374 473 435 duas
524 372 693 430 faces
744 368 1112 429 novantibus
1154 383 1257 428 res
1297 367 1379 426 ad
1421 367 1666 441 plebem
1704 368 1767 427 in
1811 368 2133 444 optimates
2177 385 2282 431 ac·

321 453 719 518 cendendam.

484 537 748 600 XXXIX.
808 535 1143 610 Postquam
1196 533 1259 593 in
1300 540 1605 608 potestate
1643 535 2013 610 Argivorum
2059 537 2286 598 civitas

318 628 475 695 crat,
518 619 664 680 nihil
698 618 832 681 eius
862 634 1097 680 memor
1122 623 1423 696 tyrannus
1438 664 1455 694 ,
1497 635 1537 678 a
1565 635 1688 693 quo
1719 635 1854 680 eam
1885 618 2193 680 civitatem
2221 628 2287 682 et

317 707 379 766 in
402 721 586 781 quam
610 701 1033 765 condicionem
1056 701 1422 776 accepisset,
1443 703 1683 778 legatos
1701 701 1975 763 Elateam
1998 703 2080 762 ad
2093 703 2282 776 Quin·

319 788 504 851 ctium
533 794 595 847 et
614 789 883 848 Attalum
908 785 1185 862 Aeginae
1212 783 1633 845 hibernantem
1660 785 1861 858 mittit,
1907 785 2016 862 qui
2043 788 2280 848 nuntia-

316 880 452 934 rent
478 875 684 945 Argos
726 869 788 931 in
819 875 1122 946 potestate
1150 885 1263 929 sua
1293 884 1466 930 esse:
1509 885 1585 930 eo
1616 867 1672 929 si
1698 868 1936 931 veniret
1959 869 2284 944 Quinctius

319 959 398 1018 ad
431 955 833 1031 colloquium,
877 970 999 1015 non
1045 951 1328 1013 diffidere
1357 951 1477 1014 sibi
1506 953 1709 1013 omnia
1737 968 1876 1014 cum
1903 969 1978 1015 eo
2010 969 2282 1014 conven-

319 1049 473 1102 tura.
533 1037 846 1113 Quinctius
886 1043 956 1097 ut
983 1052 1057 1097 eo
1090 1051 1341 1112 quoque
1369 1036 1680 1110 praesidio
1710 1036 2057 1113 Philippum
2083 1037 2282 1098 nuda-

317 1132 438 1197 ret,
482 1138 620 1182 cum
650 1121 965 1182 adnuisset
993 1135 1065 1180 se
1092 1125 1444 1194 venturum,
1475 1120 1650 1180 mittit
1677 1121 1756 1180 ad
1788 1121 2074 1195 Attalum,
2106 1131 2174 1182 ut
2202 1121 2285 1181 ab

316 1206 557 1282 Aegina
590 1204 921 1280 Sicyonem
964 1201 1082 1264 sibi
1125 1209 1505 1272 occurreret,
1549 1203 1687 1278 ipse
1729 1205 1804 1264 ab
1832 1167 2132 1282 Anticy’ra
2171 1204 2284 1265 de-

319 1306 452 1351 cem
482 1286 1043 1366 quinqueremibu8‚
1087 1303 1243 1364 quas
1272 1287 1349 1347 iis
1377 1286 1579 1348 forte
1562 1287 1717 1361 lpSis
1747 1287 1964 1351 diebus
1993 1289 2062 1347 L.
2095 1288 2279 1368 Quin-

319 1374 475 1435 ctius
517 1374 702 1433 frater
731 1371 865 1433 eius
896 1371 1238 1432 adduxerat
1266 1386 1346 1430 ex
1372 1370 1644 1431 hibernis
1676 1370 2016 1450 Corcyrae,
2058 1363 2272 1448 Sicyo·

316 1474 456 1519 nem
497 1457 772 1518 tramisit.
838 1458 961 1517 iam
996 1455 1081 1515 ibi
1105 1455 1350 1516 Attalus
1392 1460 1553 1524 erat3
1604 1455 1710 1530 qui
1741 1469 1879 1516 cum
1904 1463 2168 1534 tyranno
2197 1455 2280 1520 ad

315 1543 657 1602 Romanum
698 1540 1154 1614 imperatorem,
1198 1555 1323 1600 non
1349 1539 1626 1599 Romano
1668 1538 1750 1602 ad
1775 1544 2102 1616 tyrannum
2130 1555 2282 1600 eun-

294 1626 461 1685 .dmn
505 1623 761 1697 diceret,
805 1623 865 1682 in
896 1623 1257 1682 sententiam
1289 1638 1462 1684 suam
1492 1620 1835 1696 Quinctium
1860 1623 2158 1698 traduxit,
2201 1637 2284 1683 ne

318 1709 378 1767 in
407 1706 621 1767 urbem
662 1705 865 1780 ipsam
891 1706 1097 1780 Argos
1126 1705 1259 1765 iret.
1332 1706 1497 1765 haud
1532 1707 1748 1780 procul
1773 1708 1929 1767 urbe
1953 1705 2285 1784 Mycenica

319 1798 601 1851 vocatur:
631 1787 693 1848 in
717 1803 791 1848 eo
822 1788 960 1849 loco
984 1794 1053 1848 ut
1074 1788 1594 1862 congrederentur
1616 1790 1915 1850 convenit.
1963 1790 2287 1864 Quinctius

321 1889 457 1936 cum
498 1875 682 1933 fratre
724 1878 785 1934 et
807 1869 1067 1932 tribunis
1098 1870 1351 1932 militum
1379 1874 1596 1948 paucis
1611 1920 1626 1947 ‚
1667 1874 1909 1935 Attalus
1940 1889 2080 1934 cum
2105 1873 2288 1952 regio

318 1957 623 2032 comitatu,
645 1956 1027 2018 Nicostratus
1038 1955 1430 2017 Achaeorum
1454 1964 1700 2033 praetor
1721 1973 1860 2020 cum
1882 1957 2286 2021 auxiliaribus

318 2042 536 2118 paucis
566 2042 750 2102 venit.
788 2047 1118 2119 tyrannum
1150 2040 1233 2100 ibi
1263 2056 1400 2101 cum
1425 2041 1709 2103 omnibus
1730 2042 1928 2117 copiis
1951 2043 2284 2119 opperien-

320 2134 437 2186 tem
466 2126 849 2185 invenerunt.
918 2138 1293 2199 progressus
1321 2133 1588 2187 armatus
1621 2142 1760 2187 cum
1789 2125 2153 2187 satellitibus
2183 2142 2284 2187 ar-

316 2210 495 2269 matis
547 2215 644 2270 est
680 2207 741 2268 in
782 2208 1049 2270 medium
1088 2210 1218 2269 sere
1268 2208 1684 2270 interiacentis
1728 2210 1961 2285 campi=
2027 2210 2282 2271 inermis

319 2292 633 2367 Quinctius
678 2309 817 2355 cum
857 2293 1042 2354 fratre
1084 2300 1145 2354 et
1171 2293 1418 2354 duobus
1447 2292 1706 2355 tribunis
1733 2291 2020 2369 militum,
2061 2294 2282 2355 inermi

318 2379 459 2437 item
486 2376 617 2452 regi
657 2382 905 2452 praetor
928 2378 1320 2438 Achaeorum
1349 2383 1411 2437 et
1437 2394 1596 2439 unus
1625 2394 1707 2437 ex
1736 2378 2088 2453 purpuratis
2118 2379 2284 2439 latus

320 2460 662 2534 cingebant.
726 2460 959 2519 initium
1002 2460 1305 2521 sermonis
1348 2462 1425 2521 ab
1466 2460 1864 2523 excusatione
1904 2460 2150 2540 tyranni
2182 2478 2282 2522 or-

321 2550 461 2615 tum,
495 2542 667 2615 quod
693 2548 961 2601 armatus
992 2543 1129 2618 ipse
1151 2544 1523 2620 armatisque
1545 2552 1820 2621 saeptuS,
1852 2560 1992 2607 cum
2012 2546 2282 2606 inermes

318 2628 661 2686 Romanum
688 2624 1116 2699 imperatorem
1143 2642 1476 2704 regemque
1497 2636 1790 2704 cerneret,
1821 2630 1882 2690 in
1906 2628 2286 2705 colloquium

318 2708 621 2769 venisset:
678 2722 880 2783 neque
922 2709 1082 2769 enim
1122 2726 1193 2770 se
1233 2709 1376 2771 illos
1417 2712 1629 2773 timere
1659 2713 1840 2787 dixit,
1881 2714 1994 2774 sed
2025 2714 2284 2775 exsules

314 2792 701 2866 Argivorum.
756 2790 899 2851 inde
927 2791 1032 2853 ubi
1061 2793 1140 2853 de
1168 2794 1632 2857 condicionibus
1665 2794 1962 2857 amicitiae
1993 2804 2285 2873 coeptum

318 2875 417 2951 agi
447 2881 561 2949 est,
578 2874 892 2935 Romanus
923 2877 1079 2937 duas
1109 2879 1424 2951 postulare
1450 2894 1572 2953 reS,
1595 2897 1782 2941 unam
1802 2888 1870 2941 ut
1888 2881 2116 2941 bellum
2138 2894 2282 2940 cum

315 2958 584 3021 Achaeis
625 2956 853 3033 finiret,
899 2961 1151 3022 alteram
1188 2969 1257 3023 ut
1294 2963 1597 3025 adversus
1638 2963 1981 3040 Philippum
2017 2964 2284 3025 mitteret

321 3059 533 3105 secum
586 3040 831 3103 auxilia.
904 3059 979 3104 ea
1019 3059 1090 3104 se
1130 3045 1462 3107 missurum
1518 3045 1698 3107 dixit:
1761 3064 1876 3123 pro
1928 3063 2085 3123 pace
2135 3063 2278 3108 cum

316 3126 585 3189 Achaeis
612 3126 883 3187 indutiae
908 3127 1266 3204 impetratae
1283 3175 1298 3204 ,
1343 3130 1542 3191 donec
1570 3130 1798 3192 bellum
1826 3146 1966 3191 cum
1991 3130 2281 3206 Philippo

316 3211 606 3270 finiretur.
649 3210 770 3269 XL.
816 3211 894 3270 de
913 3212 1099 3287 Argis
1131 3228 1380 3290 quoque
1407 3213 1770 3288 disceptatio
1801 3216 1878 3275 ab
1898 3215 2106 3275 Attalo
2127 3229 2284 3289 rege

319 3299 413 3351 est
438 3299 633 3365 mota,
677 3307 818 3352 cum
858 3294 1072 3356 fraude
1098 3295 1383 3357 Philoclis
1423 3296 1728 3372 proditam
1757 3297 1971 3358 urbem
1998 3297 2060 3357 vi
2089 3298 2168 3357 ab
2197 3312 2280 3357 eo

322 3374 513 3430 teneri
553 3382 866 3445 argueret,
909 3376 1010 3436 ille
1051 3378 1128 3437 ab
1170 3378 1328 3453 ipsis
1365 3377 1645 3455 ArgiviS‚
1689 3389 1756 3442 ut
1795 3397 1866 3442 se
1897 3380 2280 3455 defenderet,

320 3452 599 3513 accitum.
646 3454 988 3517 contionem
1015 3474 1125 3518 rex
1152 3462 1518 3535 Argivorum
1549 3464 1915 3541 postulabat,
1945 3472 2011 3525 ut
2038 3464 2104 3525 id
2132 3462 2279 3525 scir·
