2548 3950
387 217 511 282 112
658 217 887 280 LIBER
914 216 1179 277 XXXIII.
1222 217 1389 276 CAP.
1415 223 1502 279 34.
1529 223 1617 276 35.
1667 221 1738 290 [a.
1769 219 1838 272 U.
1869 237 1918 272 c.
1941 219 2068 286 556]

388 376 448 436 in
472 375 747 438 libertate
774 388 920 436 esse
944 371 1171 434 debere
1194 369 1393 431 omnis
1416 368 1645 444 ubique
1675 368 1944 428 Graecas
1967 367 2179 428 urbes.
2209 377 2364 434 ante

380 459 595 521 omnia
624 455 1061 530 denuntiatum,
1094 471 1173 516 ne
1200 454 1265 514 in
1295 454 1608 528 Europam
1635 461 1740 514 aut
1766 450 1905 527 ipse
1932 452 2226 513 transiret
2253 461 2364 515 aut

387 541 606 618 copias
634 541 936 609 traiceret.
1020 537 1294 600 dimissis
1323 537 1488 613 regis
1516 536 1736 612 legatis
1768 543 2112 597 conventus
2144 533 2360 597 civita-

386 636 515 688 tum
537 627 939 701 gentiumque
954 631 1062 684 est
1088 622 1300 686 haberi
1331 628 1624 697 coeptus3
1655 635 1859 696 eoque
1887 619 2185 681 maturius
2213 635 2361 695 per-

384 711 714 786 agebatur,
748 708 914 784 quod
948 706 1196 768 decreto
1228 706 1446 767 decem
1472 705 1814 786 legatorum
1844 702 2126 766 civitates
2159 703 2360 766 nomi-

387 791 577 860 natim
618 790 1181 868 pronuntiabantur.
1256 788 1491 850 Orestis
1519 821 1603 832 -—
1629 788 2044 849 Macedonum
2083 805 2162 862 ea
2191 805 2358 870 gens

387 886 487 941 est
512 909 615 949 ——,
648 877 818 953 quod
844 874 1023 952 primi
1052 876 1130 936 ab
1152 889 1301 950 rege
1330 873 1736 948 defecissent,
1762 888 1918 935 suae
1946 873 2122 950 leges
2151 872 2357 936 reddi-

386 969 507 1024 tae.
546 960 869 1037 Magnetes
898 966 959 1020 et
982 957 1312 1023 Perrhaebi
1335 965 1397 1018 et
1416 958 1691 1032 Dolopes
1719 955 1894 1018 liberi
1928 973 2185 1034 quoque
2213 973 2358 1032 pro-

387 1044 664 1106 nuntiati.
706 1044 1142 1106 Thessalorum
1170 1041 1340 1118 genti
1359 1048 1603 1117 praeter
1625 1041 1965 1106 libertatem
1986 1056 2358 1104 concessam

388 1127 625 1190 Achaei
650 1125 971 1189 Phthiotae
1001 1125 1159 1199 dati,
1192 1124 1418 1188 Thebis
1447 1124 1803 1187 Phthioticis
1832 1133 1893 1184 et
1917 1124 2218 1192 Pharsalo
2249 1141 2356 1188 ex-

388 1220 589 1288 cepta.
664 1210 926 1274 Aetolos
968 1209 1047 1271 de
1074 1209 1367 1276 Pharsalo
1395 1217 1466 1272 et
1501 1209 1789 1282 Leucade
1828 1210 2252 1286 postulanteS‚
2291 1216 2360 1270 nt

388 1312 473 1358 ex
512 1295 766 1359 foedere
808 1293 927 1356 sibi
974 1293 1441 1370 restituerentur
1454 1340 1470 1368 ‚
1521 1295 1602 1354 ad
1651 1302 1934 1360 senatum
1986 1292 2356 1355 reiecerunt.

385 1380 741 1446 Phocenses
768 1379 1274 1454 Locrensesque,
1303 1379 1478 1448 sicut
1505 1386 1661 1439 ante
1676 1379 1946 1453 fuerant,
1974 1377 2222 1440 adiecta
2250 1377 2357 1440 de-

388 1465 537 1525 creti
568 1462 933 1534 auctoritate
961 1461 1037 1524 iis
1069 1460 1549 1536 contribuerunt.
1594 1461 1920 1524 Corinthus
1950 1469 2012 1523 et
2037 1459 2358 1539 Tfiphylia

386 1556 450 1608 et
486 1548 728 1616 Heraea
774 1580 864 1594 --
909 1546 1324 1623 Peloponnesi
1367 1554 1428 1608 et
1467 1543 1608 1621 ipsa
1646 1547 1797 1606 urbs
1838 1552 1935 1607 est
1993 1580 2068 1592 --
2113 1544 2358 1606 reddita

385 1631 677 1693 Achaeis
765 1629 987 1691 Oreum
1030 1639 1092 1692 et
1128 1629 1427 1696 Eretriam
1458 1630 1674 1690 decem
1701 1627 1888 1705 legati
1912 1618 2176 1691 Eumeni
2203 1627 2355 1706 regi,

386 1712 575 1776 Attali
610 1712 769 1788 filio,
812 1713 1058 1778 dabant.
1144 1713 1546 1775 dissentiente
1589 1713 1868 1788 Quinctio
1901 1730 1976 1776 ea
2001 1730 2130 1776 una
2156 1728 2263 1774 res
2291 1712 2354 1773 in

386 1796 703 1862 arbitrium
732 1804 984 1858 senatus
1012 1795 1241 1860 reiecta
1258 1805 1391 1859 est.
1423 1806 1678 1859 senatus
1707 1797 2048 1860 libertatem
2073 1796 2175 1860 his
2209 1795 2353 1858 civi-

390 1881 615 1948 tatibus
640 1880 828 1954 dedit,
861 1879 1118 1958 Carysto
1140 1879 1401 1944 adiecta.
1439 1880 1725 1956 Pleurato
1746 1881 2110 1961 Lychnidus
2134 1889 2196 1943 et
2213 1880 2356 1942 Par-

388 1964 539 2027 thini
582 1964 738 2034 dati:
776 1963 1131 2043 lllyriorum
1169 1973 1432 2042 utraque
1471 1982 1625 2043 gens
1657 1967 1773 2030 sub
1808 1965 2064 2031 ,dicione
2089 1963 2357 2043 Philippi

390 2050 651 2111 fuerant.
692 2050 1163 2127 Amynandrum
1183 2059 1397 2113 tenere
1419 2049 1736 2115 iusserunt
1758 2052 2028 2126 castella,
2058 2068 2222 2127 quae
2243 2066 2357 2129 per

388 2132 531 2194 belli
562 2140 807 2209 tempus
830 2132 1116 2211 Philippo
1148 2142 1330 2210 capta
1355 2135 1710 2205 ademisset.

554 2217 797 2283 XXXV.
838 2217 1107 2281 Dimisso
1140 2229 1452 2282 conventu
1480 2220 1696 2282 decem
1723 2217 1939 2295 legati,
1985 2218 2194 2295 partiti
2224 2236 2350 2283 mu·

388 2301 491 2373 nia
508 2300 670 2373 inter
690 2318 781 2379 se,
810 2303 893 2363 ad
920 2302 1271 2377 liberandas
1295 2320 1448 2365 suae
1478 2303 1746 2379 quisque
1767 2303 2042 2379 regionis
2071 2304 2353 2367 civitates

385 2386 828 2461 discesserunt,
850 2386 920 2448 P.
939 2368 1233 2449 Lentulus
1254 2388 1599 2466 Bargylias,
1625 2387 1694 2447 L.
1720 2384 2045 2449 Stertinius
2066 2388 2342 2463 Hephae

386 2468 565 2539 stiam
592 2478 655 2531 et
680 2470 949 2540 Thasum
978 2478 1039 2530 et
1063 2470 1357 2532 Thraciae
1386 2471 1590 2545 urbeS,
1614 2470 1682 2531 P.
1696 2470 1919 2532 Villius
1950 2478 2011 2533 et
2034 2470 2105 2531 L.
2129 2472 2349 2534 Teren·

384 2550 507 2615 tius
546 2552 627 2615 ad
666 2568 878 2629 regem
918 2551 1323 2627 Antiochum,
1374 2555 1480 2617 Cn.
1515 2519 1836 2617 Cornelius
1875 2554 1956 2615 ad
1982 2553 2345 2631 Philippum.

388 2635 494 2711 qui
522 2634 601 2696 de
630 2635 969 2709 minoribus
994 2638 1187 2702 rebus
1216 2601 1398 2702 edi’tis
1438 2639 1742 2702 mandatis
1785 2646 2260 2715 percunctatus,
2301 2640 2354 2701 si

382 2717 712 2784 eonsilium
752 2735 879 2789 non
918 2720 1065 2791 utile
1102 2723 1306 2795 solum
1345 2724 1460 2784 sed
1499 2722 1680 2786 etiam
1724 2724 1992 2790 salutare
2033 2722 2354 2788 admittere

381 2801 636 2863 auribus
679 2812 926 2879 posset,
972 2820 1111 2867 cum
1146 2822 1261 2867 rex
1301 2806 1528 2882 gratias
1573 2823 1826 2885 quoque
1855 2824 1926 2871 se
1953 2816 2238 2872 acturum
2266 2809 2353 2868 di-

383 2893 569 2959 ceret,
590 2886 658 2949 ,εἰ
690 2886 841 2963 quid
864 2889 1031 2964 quod
1055 2889 1117 2951 in
1140 2906 1271 2953 nem
1293 2907 1470 2954 suam
1494 2900 1664 2954 esset
1684 2898 2095 2967 expromeret,
2128 2908 2349 2969 magno

380 2971 922 3058 σφι-0011110511,
965 2972 1256 3049 quoniam
1298 2991 1515 3051 pacem
1556 2977 1977 3053 impetrasset,
2024 2976 2111 3037 ad
2148 2975 2349 3039 socie·

380 3064 565 3117 tatem
590 3055 1398 3134 amicitiamquepetendam
1422 3059 1684 3121 mitteret
1702 3062 1963 3123 Romam
1985 3059 2250 3137 legatoS,
2273 3077 2349 3121 110

378 3138 436 3201 si
467 3139 619 3215 quid
640 3141 988 3205 Antiochus
1018 3149 1316 3219 moveret,
1347 3151 1754 3221 exspectasse
1777 3152 1837 3205 et
1858 3152 2212 3220 temporum
2241 3162 2348 3221 op-

382 3223 784 3296 portunitates
831 3234 1118 3303 captasse
1157 3228 1243 3288 ad
1281 3226 1702 3293 rebellandum
1733 3226 1927 3289 videri
1955 3238 2246 3305 posset.
2269 3229 2350 3289 ad

378 3305 609 3380 Tempe
636 3308 992 3376 Thessalica
1016 3310 1339 3387 Philippus
1381 3319 1478 3373 est
1517 3319 1879 3375 conventus.
1967 3311 2075 3387 qui
2106 3328 2248 3377 cum
2276 3329 2348 3374 se

380 3384 713 3449 missurum
734 3393 1041 3466 extemplo
1067 3394 1306 3469 legatos
1327 3395 1779 3472 respondisset,
1813 3394 2136 3461 Cornelius
2157 3396 2345 3457 Ther-

380 3470 694 3544 mopylas,
743 3471 848 3531 ubi
889 3474 1181 3549 frequens
1223 3476 1516 3541 Graeciae
1546 3478 1722 3541 statis
1752 3479 1970 3553 diebus
2002 3495 2152 3543 esse
2183 3481 2346 3543 solet
