2548 3950
382 189 507 252 128
730 188 961 247 LIBER
987 187 1252 246 XXXIV.
1301 185 1469 244 CAP.
1501 192 1551 246 4.
1591 191 1667 258 [a.
1693 189 1760 242 U.
1785 207 1832 242 c.
1854 190 1980 258 557]

374 338 677 402 illecebris
699 337 986 412 repletas,
1011 343 1073 396 et
1090 335 1294 410 regias
1319 335 1499 396 etiam
1519 341 1909 396 attrectamus
1933 350 2333 411 gazas,-—-eo

374 426 516 500 plus
556 421 810 493 horreo,
854 436 932 482 ne
974 420 1114 486 illae
1152 419 1348 496 magis
1389 434 1492 478 res
1535 435 1652 481 nos
1697 418 1969 494 ceperint
1997 436 2187 494 quam
2219 438 2330 482 nos

372 507 529 567 illas.
572 505 811 578 infesta,
850 503 995 566 mihi
1023 503 1281 573 credite,
1325 502 1506 577 signa
1532 502 1610 562 ab
1642 500 1972 580 Syracusis
2001 502 2168 562 iliata
2195 511 2336 566 sunt

372 589 514 652 huic
542 587 699 650 urbi.
748 587 867 650 iam
900 586 1077 646 nimis
1106 585 1329 646 multos
1358 584 1542 648 audio
1574 584 1842 656 Corinthi
1872 593 1932 645 et
1957 585 2334 648 Athenarum

374 677 729 735 ornamenta
756 669 1060 733 laudantis
1094 669 1520 744 mirantisque,
1564 674 1625 729 et
1653 669 1921 730 antefixa
1948 669 2160 730 fictilia
2189 670 2334 734 deo-

370 772 508 818 rum
536 756 951 818 Romanorum
991 753 1266 816 ridentis.
1328 767 1444 826 ego
1486 751 1604 814 hos
1631 755 1790 814 malo
1824 752 2127 828 propitios
2160 755 2331 828 deoS,

373 844 437 900 et
460 839 545 900 ita
583 853 769 913 spero
807 838 1074 909 futuros,
1118 836 1173 896 si
1200 837 1261 899 in
1291 835 1421 898 suis
1451 850 1702 896 manere
1729 836 1994 897 sedibus.
2011 838 2332 912 patiemur.

373 929 615 999 patrum
645 928 995 984 nostrorum
1023 920 1318 980 memoria
1349 935 1461 995 per
1488 921 1754 993 legatum
1783 919 2030 979 Cineam
2056 917 2333 1000 Pyrrhus

374 1024 498 1068 non
548 1006 818 1068 virorum
866 1005 1051 1064 modo
1102 1003 1216 1065 sed
1264 1002 1444 1065 etiam
1494 1003 1814 1065 mulierum
1861 1003 2100 1064 animos
2153 1005 2332 1066 donis

373 1090 706 1164 temptavit.
772 1089 1045 1160 nondum
1084 1087 1186 1146 lex
1230 1085 1431 1163 Oppia
1469 1087 1551 1146 ad
1582 1087 1989 1148 coercendam
2029 1087 2334 1149 luxuriam

372 1173 729 1241 muliebrem
757 1173 878 1240 lata
907 1178 1063 1232 eratz
1108 1177 1310 1232 tamen
1341 1171 1511 1230 nulla
1541 1169 1796 1245 accepit.
1862 1186 2046 1244 quam
2077 1186 2333 1232 causam

374 1257 568 1321 fuisse
612 1256 921 1324 censetis?
962 1255 1178 1316 eadem
1218 1253 1333 1316 fuit
1373 1268 1533 1328 quae
1561 1253 1894 1314 maioribus
1926 1253 2157 1314 nostris
2189 1255 2334 1315 nihil

375 1341 460 1400 de
490 1340 609 1401 hac
636 1355 705 1400 re
734 1340 873 1415 lege
903 1337 1237 1402 sanciendi.
1302 1337 1471 1398 nulla
1497 1344 1628 1398 erat
1655 1337 1922 1410 luxuria,
1967 1353 2126 1411 quae
2159 1353 2332 1401 coer-

377 1431 633 1487 ceretur.
702 1423 862 1488 sicut
908 1429 1049 1486 ante
1096 1421 1346 1485 morbos
1401 1435 1664 1483 necesse
1713 1428 1810 1481 est
1862 1420 2143 1494 cognitos
2188 1437 2334 1484 esse

374 1523 557 1581 quam
603 1508 873 1566 remedia
914 1522 1155 1580 eorum,
1206 1505 1298 1566 sic
1341 1504 1704 1580 cupiditates
1757 1504 1926 1579 prius
1968 1510 2150 1566 natae
2191 1514 2336 1567 sunt

376 1605 559 1663 quam
592 1591 795 1663 legeS,
840 1605 999 1663 quae
1028 1589 1104 1651 iis
1131 1588 1380 1650 modum
1411 1589 1698 1648 facerent.
1773 1587 1920 1663 quid
1949 1587 2148 1662 legem
2177 1589 2334 1650 Lici-

374 1673 535 1733 niam
562 1672 851 1732 excitavit
880 1672 959 1730 de
988 1671 1334 1746 quingentis
1366 1671 1677 1746 iugeribus
1707 1670 1827 1732 nisi
1854 1671 2073 1746 ingens
2103 1672 2334 1747 cupido

374 1769 558 1829 agros
590 1753 1025 1816 continuandis
1054 1754 1203 1829 quid
1221 1757 1422 1830 legem
1445 1755 1710 1815 Cinciam
1734 1756 1812 1815 de
1833 1755 2014 1815 donis
2037 1760 2098 1814 et
2118 1772 2334 1816 mune-

376 1839 571 1912 ribuS,
613 1837 731 1899 nisi
772 1836 918 1913 quia
954 1837 1269 1912 vectigalis
1311 1839 1432 1898 iam
1462 1845 1524 1899 et
1551 1838 1949 1914 stipendiaria
1977 1837 2157 1912 plebs
2189 1855 2336 1900 esse

374 1922 610 1983 senatui
652 1928 984 1997 coeperat}
1036 1921 1241 1998 itaque
1281 1921 1530 1983 minime
1556 1922 1772 1983 mirum
1801 1927 2040 1983 estnec
2069 1919 2337 2000 Oppiam

374 2020 489 2065 nec
511 2005 689 2067 aliam
708 2006 891 2069 ullam
914 2012 1040 2081 tum
1062 2007 1257 2081 legem
1285 2006 1692 2068 desideratam
1710 2022 1871 2081 esse,
1899 2021 2057 2080 quae
2079 2008 2338 2069 modum

376 2089 717 2165 sumptibus
770 2090 1087 2156 mulierum
1132 2089 1392 2161 faceret,
1443 2104 1581 2148 cum
1631 2106 1846 2151 aurum
1893 2097 1953 2149 et
1991 2106 2336 2165 purpuram

372 2174 512 2235 <lata
552 2180 613 2235 et
654 2174 855 2241 oblata
892 2175 1052 2237 ultro
1094 2189 1216 2235 non
1260 2172 1662 2248 accipiebant.
1736 2172 1790 2233 si
1830 2188 1992 2235 nunc
2031 2189 2172 2235 cum
2211 2175 2335 2235 illis

371 2258 551 2317 donis
596 2257 810 2324 Cineas
851 2258 1064 2318 urbem
1108 2256 1478 2330 circumiret,
1523 2258 1738 2317 stantis
1778 2258 1836 2317 in
1882 2256 2127 2333 publico
2160 2259 2334 2318 inve-

371 2342 565 2403 nisset
594 2358 757 2417 quae
784 2340 1151 2417 acciperent.
1206 2348 1394 2416 atque
1423 2355 1540 2417 ego
1571 2338 1998 2401 nonnullarum
2029 2341 2335 2416 cupidita-

369 2424 517 2485 tium
545 2439 625 2486 ne
655 2439 905 2485 causam
936 2424 1182 2499 quidem
1211 2433 1316 2486 aut
1342 2424 1639 2485 rationem
1669 2424 1822 2486 inire
1853 2440 2128 2500 possum.
2187 2442 2336 2486 nam

370 2514 463 2580 ut,
512 2507 683 2581 quod
721 2507 821 2567 alii
849 2506 1055 2578 liceat,
1097 2507 1205 2569 tihi
1234 2524 1358 2569 non
1384 2509 1571 2568 licere
1599 2508 1832 2584 aliquid
1860 2509 2126 2569 fortasse
2157 2517 2338 2571 natu-

370 2590 513 2650 ralis
560 2596 667 2649 aut
700 2590 962 2665 pudoris
1007 2598 1109 2650 aut
1152 2590 1585 2665 indignationis
1626 2591 1876 2666 habeat,
1927 2592 2019 2655 sic
2061 2599 2338 2669 aequato

370 2673 639 2734 omnium
668 2674 833 2733 cultu
862 2673 1015 2747 quid
1041 2689 1455 2751 unaquaeque
1482 2682 1754 2735 vestrum
1783 2682 2028 2737 veretur
2057 2690 2136 2737 ne
2166 2676 2230 2736 in
2265 2692 2342 2737 se

370 2755 826 2831 conspiciatur?
866 2758 1174 2831 pessimus
1218 2754 1468 2833 quidem
1509 2759 1713 2833 pudor
1753 2766 1849 2821 est
1887 2761 1986 2819 vel
2025 2759 2340 2836 parsimo-

368 2840 506 2899 niae
534 2842 634 2899 vel
661 2841 1069 2917 paupertatisz
1116 2842 1231 2901 sed
1258 2847 1585 2917 utrumque
1613 2843 1714 2903 lex
1742 2840 1921 2903 vobis
1951 2843 2157 2917 demit,
2191 2860 2340 2905 cum

369 2922 433 2983 id
479 2924 647 3000 quod
686 2923 913 2984 habere
947 2940 1070 2985 non
1102 2926 1241 2986 licet
1268 2941 1394 2985 non
1423 2924 1683 2987 habetis.
1746 2926 2092 3002 ,‚‚‚hanc““
2133 2928 2344 3003 inquit

367 3008 662 3082 „‚,ipsam
699 3008 1206 3084 exaequationem
1243 3025 1370 3069 non
1409 3010 1540 3069 fero
1572 3010 1676 3071 illa
1701 3010 2002 3087 locuples.
2064 3028 2177 3072 cur
2203 3028 2341 3073 non

368 3092 625 3167 insignis
656 3108 806 3152 auro
838 3099 899 3152 et
927 3108 1201 3167 purpura
1229 3092 1624 3167 conspicior?
1679 3109 1789 3154 cur
1814 3101 2150 3171 paupertas
2181 3094 2339 3157 alia·

368 3190 501 3233 rum
530 3176 646 3236 sub
686 3176 804 3237 hac
833 3176 985 3251 legis
1016 3176 1224 3251 specie
1256 3178 1429 3249 latet,
1472 3182 1540 3237 ut
1569 3177 1741 3253 quod
1767 3177 1995 3243 habere
2022 3194 2152 3239 non
2181 3196 2342 3255 pos·

370 3263 529 3329 sunt,
558 3258 894 3332 habiturae,
924 3260 979 3319 si
1008 3260 1234 3332 liceret,
1262 3260 1460 3323 fuisse
1489 3260 1815 3321 videantur
1827 3266 1946 3320 ⁴3““
1991 3263 2178 3325 vultis
2205 3262 2344 3326 hoc

372 3344 676 3397 certamen
704 3341 1000 3401 uxoribus
1028 3342 1251 3401 vestris
1281 3342 1537 3413 inicere,
1585 3344 1878 3420 Quirites,
1919 3350 1985 3407 ut
2015 3344 2242 3413 divites
2275 3346 2352 3407 id

370 3416 598 3476 habere
625 3421 813 3480 velint
842 3422 1009 3495 qnod
1039 3422 1203 3483 nulla
1232 3424 1351 3485 alia
1377 3427 1608 3501 possit;
1654 3443 1963 3503 pauperes
1993 3443 2073 3489 ne
2103 3430 2186 3489 ob
2207 3429 2352 3490 hoc
