2548 3950
521 233 750 294 LIBER
771 235 1066 295 XXXVII.
1121 237 1509 302 CAP.11.12.
1559 244 1871 311 [a.c.190]
2040 238 2158 304 271

201 388 360 448 binis
402 402 439 445 a
469 402 658 461 prora
699 387 1180 461 prominentibus
1224 387 1419 449 trullis
1464 391 1677 449 ferreis
1722 394 1971 451 multum
2015 408 2160 453 con-

200 478 446 546 ceptum
499 470 698 543 ignem
747 485 896 544 prae
946 484 1016 531 se
1060 470 1403 545 portabant.
1465 472 1845 550 Erythraeae
1885 476 2161 537 triremes

201 570 340 615 cum
367 554 534 613 haud
562 554 784 627 procul
819 570 856 613 a
885 552 1069 615 Samo
1099 554 1361 615 Rhodi1s
1388 557 1651 617 navibus
1669 602 1684 630 ,
1716 556 1939 631 quibus
1969 566 2037 620 ut
2064 576 2163 619 es·

199 644 340 697 sent
371 637 686 711 praesidio
719 637 1071 708 veniebant,
1117 638 1336 697 obviae
1366 639 1738 713 fugientibus
1769 641 2057 714 fuissent,
2102 645 2165 703 in

203 722 666 795 Hellespontum
694 719 776 779 ad
801 722 1117 781 Romanos
1151 736 1397 781 cursum
1428 730 1795 783 averterunt.
1852 726 1969 785 sub
2000 726 2163 785 idem

200 813 442 880 tempus
473 803 772 864 Seleucus
817 803 1116 880 proditam
1144 804 1517 878 Phocaeam,
1560 814 1740 880 porta
1766 824 1889 867 una
1917 824 2031 883 per
2052 824 2162 870 cu-

199 889 412 949 stodes
452 895 694 963 aperta,
736 888 1000 961 recepit;
1045 894 1106 947 et
1145 888 1335 965 Cyme
1376 888 1654 963 aliaeque
1700 891 1977 951 eiusdem
2017 908 2167 953 orae

197 972 383 1032 urbes
414 971 493 1031 ad
523 986 662 1031 eum
691 976 857 1030 metu
887 971 1258 1031 defecerunt.

367 1055 494 1115 ΧΠ.
547 1054 706 1115 Dum
746 1052 902 1114 haec
939 1055 1002 1114 in
1043 1056 1305 1117 Aeolide
1344 1062 1666 1132 geruntur,
1716 1056 1980 1135 Abydus
2024 1074 2163 1123 cum

203 1154 314 1215 per
361 1139 596 1213 aliquot
645 1138 777 1199 dies
828 1138 1215 1199 obsidionem
1263 1141 1595 1201 tolerasset
1630 1142 1945 1216 praesidio
1986 1144 2161 1218 regio

201 1230 430 1283 tutante
457 1223 718 1295 moenia,
751 1224 869 1281 iam
899 1223 1182 1283 omnibus
1213 1224 1420 1298 fessis,
1450 1222 1685 1285 Philota
1706 1241 1959 1301 quoque
1981 1242 2159 1301 prae·

201 1308 365 1365 secto
406 1303 704 1381 praesidii
746 1306 1124 1382 permittente
1153 1308 1545 1381 magistratus
1576 1324 1788 1369 eorum
1820 1325 1959 1369 cum
1985 1310 2159 1370 Livio

199 1390 278 1449 de
305 1389 771 1451 condicionibus
815 1390 1154 1450 tradendae
1187 1391 1359 1451 urbis
1402 1391 1683 1465 agebant.
1749 1407 1879 1451 rem
1909 1393 2158 1453 distine—

199 1476 301 1533 bat
343 1474 510 1547 quod
525 1520 540 1547 ‚
590 1478 792 1532 utrum
844 1475 1056 1535 armati
1099 1490 1175 1535 an
1217 1475 1482 1534 inermes
1534 1476 1945 1535 emitterentur
1987 1477 2149 1551 regii.

197 1572 414 1632 parum
470 1556 889 1618 conveniebat.
958 1558 1114 1618 haec
1169 1558 1488 1632 agentibus
1546 1574 1684 1618 cum
1732 1560 2161 1620 intervenisset

199 1641 446 1703 nuntius
487 1640 867 1701 Rhodiorum
909 1642 1132 1714 cladis,
1172 1642 1402 1701 emissa
1442 1643 1521 1702 de
1560 1643 1844 1703 manibus
1886 1658 1989 1703 res
2032 1651 2157 1703 esta

196 1731 473 1785 metuens
515 1725 675 1783 enim
699 1724 908 1784 Livius
953 1740 1034 1785 ne
1075 1740 1376 1786 successu
1420 1732 1624 1787 tantae
1650 1727 1741 1787 rei
1768 1726 2015 1788 inflatus
2042 1726 2158 1786 Po·

197 1808 522 1886 lyxenidas
553 1811 818 1868 classem
849 1824 1010 1883 quae
1037 1810 1117 1871 ad
1141 1809 1339 1870 Canas
1370 1816 1502 1871 erat
1532 1811 1921 1886 opprimeret,
1950 1810 2160 1887 Abydi

198 1892 523 1953 obsidione
553 1892 956 1967 custodiaque
985 1892 1366 1968 Hellesponti
1397 1896 1703 1968 extemplo
1733 1895 1945 1953 relicta
1966 1910 2159 1954 naves

199 1991 359 2052 quae
388 1977 728 2038 subductae
758 1974 940 2036 Canis
969 1985 1143 2037 erant
1169 1979 1442 2038 deduxit.
1487 1987 1548 2038 et
1570 1977 1876 2038 Eumenes
1910 1978 2155 2037 Elaeam

201 2063 384 2120 venit.
451 2061 660 2121 Livius
701 2060 866 2120 omni
895 2062 1127 2134 classe,
1169 2061 1268 2121 cui
1301 2061 1666 2122 adiunxerat
1692 2062 1849 2121 duas
1878 2061 2157 2121 triremes

194 2145 616 2224 Mitylenaeas,
647 2143 990 2206 Phocaeam
1021 2146 1186 2220 petit.
1233 2161 1416 2219 quam
1448 2159 1585 2205 cum
1613 2145 1806 2204 teneri
1831 2143 2039 2204 valido
2061 2159 2156 2204 re-

197 2230 297 2304 gio
351 2228 666 2304 praesidio
715 2229 996 2288 audisset
1038 2244 1154 2288 nec
1206 2229 1422 2303 procul
1466 2226 1710 2289 Seleuci
1752 2234 1955 2289 castra
1994 2241 2156 2300 esse,
2226 2245 2233 2252 ·

198 2314 610 2388 depopulatus
659 2313 1018 2372 maritimam
1056 2327 1254 2385 oram,
1298 2317 1361 2372 et
1398 2312 1629 2386 praeda
1662 2312 1927 2370 maxime
1965 2310 2161 2371 homi·

197 2413 342 2457 num
375 2396 593 2471 raptim
634 2397 694 2455 in
723 2411 915 2458 naves
945 2395 1234 2471 imposita
1261 2401 1493 2456 tantum
1522 2402 1823 2468 moratuS‚
1868 2396 2011 2454 dum
2038 2393 2159 2455 Eu·

195 2496 409 2541 menes
453 2495 591 2540 cum
621 2481 824 2540 classe
852 2480 1297 2555 adsequeretur
1310 2526 1325 2551 ,
1372 2478 1619 2540 Samum
1647 2486 1857 2554 petere
1885 2478 2159 2538 intendit.

194 2562 454 2626 Rhodiis
487 2564 678 2639 primo
711 2564 915 2624 audita
951 2563 1161 2624 clades
1191 2565 1371 2624 simul
1403 2578 1695 2639 pavorem
1725 2563 1905 2622 simul
1933 2562 2161 2623 luctum

196 2650 504 2723 ingentem
532 2649 701 2708 fecit:
745 2663 886 2707 nam
915 2654 1157 2722 praeter
1175 2649 1423 2708 navium
1450 2647 1829 2722 militumque
1848 2647 2160 2719 iacturam,

199 2733 370 2808 quod
401 2731 605 2806 floriS‚
651 2732 820 2807 quod
846 2731 1090 2791 roboris
1120 2733 1179 2791 in
1209 2732 1520 2793 iuventute
1546 2733 1769 2805 fuerat,
1812 2731 2161 2803 amiserant,

195 2816 402 2876 multis
442 2815 748 2877 nobilibus
792 2816 1020 2875 secutis
1064 2816 1218 2876 inter
1259 2823 1463 2876 cetera
1504 2816 1922 2876 auctoritatem
1950 2814 2161 2875 Pausi-

199 2900 390 2971 strati,
427 2914 587 2974 quae
615 2900 773 2959 inter
801 2915 952 2959 suos
980 2900 1192 2960 merito
1220 2900 1489 2959 maxima
1517 2906 1665 2960 erat.
1741 2898 1964 2958 deinde
1994 2897 2164 2973 quod

197 2982 416 3043 fraude
447 2983 626 3060 capti,
658 2983 824 3060 quod
853 2999 893 3042 a
920 2982 1054 3042 cive
1084 2983 1473 3058 potissimum
1502 2998 1619 3043 suo
1651 2984 1877 3053 forent,
1923 2982 1983 3039 in
2011 2977 2165 3040 iram

195 3070 400 3128 luctus
428 3068 624 3127 vertit.
671 3068 887 3127 decem
915 3069 1223 3140 extemplo
1253 3081 1465 3136 naves,
1500 3073 1561 3124 et
1588 3065 1805 3125 diebus
1834 3071 1981 3139 post
2011 3079 2163 3138 pau-

197 3151 291 3212 cis
315 3151 530 3210 decem
554 3151 704 3212 allas
729 3151 1039 3227 praefecto
1065 3149 1333 3210 omnium
1343 3148 1621 3208 Eudamo
1644 3149 1955 3220 miserunt,
1982 3161 2165 3222 quem

196 3235 336 3294 aliis
379 3235 705 3295 virtutibus
744 3234 980 3294 bellicis
1022 3233 1499 3308 haudquaquam
1533 3231 1907 3292 Pausistrato
1952 3245 2164 3306 parem

198 3319 534 3380 cautiorem
551 3364 566 3391 ‚
605 3335 728 3394 quo
759 3319 957 3377 minus
989 3317 1172 3378 animi
1205 3322 1363 3390 erat,
1404 3316 1622 3376 ducem
1653 3316 1919 3376 futurum
1950 3315 2163 3374 crede-

197 3404 366 3462 bant.
435 3403 696 3464 Romani
737 3409 800 3462 et
834 3401 1140 3462 Eumenes
1188 3415 1303 3462 rex
1350 3401 1411 3460 in
1450 3399 1851 3479 Erythraeam
1903 3397 2161 3474 primum

198 3488 466 3547 classem
513 3487 955 3561 applicuerunt.
1025 3485 1107 3545 ibi
1134 3490 1379 3544 noctem
1406 3499 1591 3546 unam
1618 3482 1867 3558 morati,
1906 3487 2162 3560 ,postero
