2548 3950
379 236 504 309 236
659 234 890 296 LmER
915 234 1183 294 xxxvl.
1229 232 1619 296 CAP.16.17.
1664 233 2055 311 [0³10.st

379 392 558 455 etiam
575 436 590 464 ,
635 406 760 467 qua
783 404 887 449 res
917 387 1301 464 postulabat,
1345 400 1423 445 ex
1450 386 1639 447 multa
1668 385 1849 462 copia
1876 386 2117 461 passim
2142 384 2359 449 iacen-

377 477 527 538 tium
564 473 841 550 lapidum
870 470 1289 548 permunisset
1314 469 1548 543 omnia,
1594 467 1746 531 satis
1775 469 1981 531 fidens
2008 484 2361 547 numquam

379 575 458 621 ea
487 557 612 619 vim
636 558 983 619 Romanum
1021 552 1361 617 exercitum
1397 554 1697 614 iacturum
1710 598 1729 627 ‚
1768 553 2029 615 Aetolos
2058 569 2143 615 ex
2171 562 2357 631 quat-

377 648 520 705 tuor
559 639 806 703 milibus
826 668 912 683 --
931 645 1024 701 tot
1061 638 1224 700 enim
1253 644 1673 698 convenerant
1687 668 1774 681 --
1795 636 2019 712 partim
2044 638 2135 699 ad
2154 638 2357 703 Heta-

381 726 574 788 cleam
597 722 910 802 praesidio
935 720 1345 796 obtinendam,
1362 734 1524 798 quae
1544 728 1687 783 aute
1708 720 1883 796 ipsae
1902 721 2125 783 fauces
2144 722 2359 799 posita

382 817 496 884 est,
522 806 746 885 partim.
760 808 1069 887 Hypatam
1092 806 1285 880 mittit,
1310 804 1741 865 etHeracleam
1760 804 1929 865 haud
1948 804 2179 867 dubius
2206 821 2353 869 con·

383 894 583 955 sulem.
632 898 1126 968 oppugnaturum
1141 936 1157 964 ‚
1209 896 1270 949 et
1309 887 1432 949 iam
1468 888 1673 949 multis
1722 886 2145 951 nuntiantibus
2186 888 2354 951 eirca

379 978 690 1055 Hypatam
734 973 944 1037 omnia
977 970 1260 1035 evastari.
1330 972 1555 1033 comui
1592 971 2015 1048 depopulatus.
2028 972 2352 1053 Hypaten-

384 1076 517 1121 sem
545 1059 761 1136 primo,
792 1057 1016 1119 deinde
1036 1056 1513 1117 Heracleensem
1540 1069 1772 1132 agrum,
1800 1053 2002 1118 inutili
2016 1056 2353 1133 utrobique

384 1143 612 1204 auxilio
639 1143 999 1205 Aetolorum
1013 1186 1030 1215 ,
1065 1140 1130 1199 in
1154 1138 1314 1214 ipsis
1346 1137 1630 1201 faucibus
1658 1154 1857 1216 prope
1883 1139 2093 1202 mutes
2122 1139 2349 1203 calida-

382 1241 520 1287 rum
558 1240 856 1299 aquarum
894 1224 1198 1285 adversus
1223 1238 1436 1299 regem
1466 1231 1669 1285 castra
1694 1221 1921 1300 posuit..
1984 1224 2347 1287 Aetolorum
2474 1264 2476 1267 <

382 1316 690 1385 utraeque.
713 1324 933 1369 manus
953 1307 1317 1369 Heracleam
1344 1322 1497 1369 sese.
1514 1305 1910 1369 incluserunt.
1952 1305 2345 1383 Antiochum

386 1393 485 1457 eui
499 1439 514 1468 ,
562 1391 927 1469 priusquam
963 1391 1205 1454 hostem
1235 1398 1542 1467 cerneret,
1584 1391 1746 1454 satis-
1764 1388 1971 1452 omnia
2000 1392 2343 1467 permunita

385 1485 445 1537 et
471 1476 798 1551 praesidiis
828 1477 1130 1553 obsaepta
1155 1473 1538 1550 videbantur,
1568 1474 1749 1537 timor
1778 1472 2051 1552 incessit,
2080 1492 2165 1539 ne
2188 1492 2343 1552 quas

382 1575 498 1636 per
524 1559 897 1621 imminentia
937 1559 1084 1636 iuga
1121 1559 1308 1619 calles
1334 1558 1638 1621 inveniret
1664 1559 1751 1621 ad
1771 1557 2092 1621 transitum
2121 1561 2343 1622 Roma·

377 1660 534 1719 ‚nus2
577 1658 720 1703 nam
749 1650 814 1705 et
827 1640 1357 1705 Lacedaemonios
1383 1642 1693 1719 quondam
1718 1640 1804 1705 ita
1830 1659 1871 1703 a
1888 1642 2097 1705 Persis
2126 1642 2339 1705 circui-

385 1736 488 1789 tos
529 1727 690 1786 fama
730 1734 886 1800 erat,
938 1733 1002 1787 et
1037 1741 1238 1802 nuper
1276 1725 1621 1803 Philippum
1661 1727 1740 1787 ab
1781 1727 2005 1789 iisdem
2026 1726 2337 1790 Romanis.

383 1809 592 1884 itaque
620 1808 896 1871 nuntium
919 1809 1391 1871 Heracleam‘ad
1416 1809 1675 1872 Aetolos
1704 1808 1909 1886 mittit,
1938 1819 2007 1873 ut
2032 1811 2197 1873 hene
2222 1812 2337 1871 sal-

381 1900 505 1957 tem
545 1890 663 1954 sibi
705 1908 960 1969 operam
999 1906 1073 1954 eo
1116 1892 1279 1955 bello
1322 1901 1735 1969 praestarent,
1776 1902 1847 1957 ut
1886 1893 2149 1957 vertices
2179 1895 2333 1956 circa

383 1974 675 2041 montium
710 1985 1087 2055 occuparent
1112 1975 1622 2054 obsideremus,
1666 1995 1749 2040 ne
1780 1995 1904 2055 qua
1928 1979 2194 2042 transire
2214 1980 2329 2041 Ro-

381 2062 545 2125 mani
586 2068 862 2138 possent.
911 2062 1032 2125 hoc
1073 2061 1285 2124 nuntio
1326 2062 1533 2126 audito
1562 2060 1872 2125 dissensio
1900 2062 2061 2126 inter
2084 2064 2333 2128 Aetolos

381 2153 518 2210 orta
543 2151 656 2208 est„
699 2162 845 2222 pars
873 2144 1130 2224 imperio
1153 2147 1493 2222 parendum
1510 2145 1679 2223 regis
1700 2155 1889 2224 atque
1907 2148 2179 2210 eundum
2198 2162 2329 2210 cen·

383 2231 621 2307 sebam,
662 2247 812 2307 pars
840 2229 1301 2294 subsistendum
1326 2231 1665 2292 Heracleae
1691 2232 1774 2293 ad
1800 2239 2131 2312 umque
2148 2234 2327 2296 tortu·
2360 2231 2377 2254 ·

381 2331 523 2376 nam
536 2359 553 2388 ,
605 2322 674 2377 ut
713 2315 847 2377 sive
888 2315 1088 2378 victus
1126 2315 1204 2376 ab
1247 2316 1505 2377 consule
1543 2329 1657 2376 rex
1694 2323 1893 2391 esset,
1942 2314 2013 2377 in
2050 2315 2327 2392 expedito

379 2397 681 2460 haberent
718 2397 991 2476 intefflas
1029 2397 1256 2475 copias-
1284 2399 1365 2462 ad
1392 2413 1575 2475 opem
1615 2397 1994 2477 propinquis·
2024 2400 2325 2462 ferendam

384 2478 730 2544 civitatibus
760 2480 910 2557 suia
943 2482 1077 2543 sive
1101 2479 1394 2557 vinceret,
1427 2488 1501 2544 ut
1522 2481 1865 2560 dissipatos
1890 2485 1951 2545 in
1981 2484 2185 2560 rugam
2210 2485 2322 2545 Ro·

383 2579 598 2626 manos
638 2573 1174 2642 persequerentur.
1240 2573 1502 2642 utraque
1541 2583 1687 2643 pars
1727 2583 1861 2632 non
1894 2566 2119 2630 mansit
2150 2567 2321 2630 modo

381 2647 442 2707 in
473 2649 775 2709 sententia
815 2666 958 2724 sua,
1004 2651 1119 2711 sed
1157 2649 1344 2712 etiam
1366 2659 1661 2714 exsecuta
1689 2660 1787 2713 est
1814 2650 2156 2715 eonsilium.
2209 2651 2323 2711 duo

379 2727 544 2791 milia
580 2731 916 2792 Heracleae
957 2732 1387 2806 substiterunt,
1433 2735 1557 2796 duo
1598 2733 1889 2797 trifariam
1932 2734 2137 2798 dlvisa
2158 2732 2321 2795 Calli·

382 2815 658 2875 dromum
702 2821 763 2874 et
788 2814 1196 2877 Rhoduntiam
1235 2825 1301 2878 et
1322 2816 1641 2881 'Tichiunta
1668 2853 1739 2864 --
1764 2819 1920 2880 haec
1962 2817 2213 2880 nomina·
2230 2833 2319 2879 ca·

382 2894 726 2959 cuminibus
753 2907 900 2961 sunt
914 2931 1004 2944 —
1025 2915 1428 2976 occupavere.

543 2981 729 3043 XVII.
789 2981 1016 3045 Consul
1056 2991 1391 3061 postquam
1428 2984 1677 3048 insessa
1717 2985 2043 3063 superiora
2081 2989 2215 3050 loca
2248 2985 2323 3046 ab

374 3065 628 3129 Aetolis·
652 3065 834 3144 vidit,
872 3067 954 3128 M.
984 3066 1267 3130 Porcium
1308 3069 1601 3131 Catonem
1640 3077 1702 3132 et
1724 3070 1794 3133 L.
1820 3069 2137 3132 Valerium
2160 3069 2319 3131 Eiac-

376 3166 514 3212 cum
555 3150 896 3214 consul-aris
925 3153 1164 3227 leg-atos
1194 3169 1333 3214 cum
1358 3151 1519 3215 binis
1550 3151 1799 3216 milibus
1824 3155 2199 3217 delectorum
2222 3169 2317 3230 pe-

375 3231 563 3294 ditum
605 3236 686 3295 ad
731 3236 984 3297 castella
1010 3237 1399 3310 Aetolorum,
1428 3236 1716 3298 Flaccum
1742 3237 1817 3300 in.
1829 3238 2241 3302 Rhoduntiam
2264 3244 2321 3298 et

370 3315 705 3391 Tichiunta,
730 3318 1019 3381 Catonem
1045 3320 1108 3380 in
1131 3319 1563 3382 Callidromum
1582 3321 1775 3384 mittit.
1812 3320 1951 3398 ipse
1970 3322 2318 3400 priusquam

373 3397 454 3456 ad
481 3397 724 3458 hostem
751 3401 965 3476 copias
993 3402 1381 3476 admoverem
1422 3411 1683 3466 vocatos
1712 3405 1775 3465 in
1804 3405 2153 3468 emtionem
2174 3404 2319 3466 mili-

373 3482 466 3534 tes
508 3481 726 3549 paucis
767 3490 864 3541 est
903 3484 1246 3547 adlocutus.
1318 3488 1693 3564 „plerosque
1734 3489 2005 3551 omnium
2032 3487 2315 3563 ordinum,
