2548 3950
1947 0 2286 57 ῑ-ῖῖΊ-θιτΐ
2213 55 2222 66 Ι
2265 0 2306 62 ,-

437 219 560 281 212
752 218 981 279 LIBER
1001 218 1240 277 xxxv.
1290 216 1567 278 CAP.41.
1595 216 2097 292 42.[a.U.c.5601

439 379 563 433 tum
596 375 913 446 praeterea
940 368 1006 428 L.
1045 368 1324 443 Quinctio
1369 367 1609 428 consuli
1650 372 1773 443 est,
1817 374 1884 428 ut
1923 368 2079 429 duas
2121 366 2387 443 legiones

439 455 658 516 civium
684 453 1099 513 Romanorum
1141 467 1337 513 novas
1381 450 1800 512 conscriberet
1828 458 1889 513 et
1918 452 2159 511 socium
2189 468 2261 511 ac
2286 451 2380 510 La-

437 538 544 598 tini
591 536 851 597 nominis
897 536 1105 611 viginti
1135 535 1299 595 milia
1330 534 1603 611 peditum
1631 542 1691 594 et
1721 534 2110 610 octingentos
2139 536 2385 611 equiteS.

437 638 577 682 eum
607 620 937 681 exercitum
981 620 1277 694 praetori,
1330 620 1428 678 cui
1456 617 1671 679 Bruttii
1711 618 2031 693 provincia
2073 619 2384 692 evenisset,

429 706 864 767 decreverunt.

607 788 816 849 Aedes
841 788 1001 847 duae
1022 788 1153 848 lovi
1176 802 1251 848 eo
1284 802 1444 847 anno
1475 783 1536 846 in
1560 784 1859 860 Capitolio
1884 786 2213 847 dedicatae
2239 796 2381 847 sunt.

440 878 694 933 voverat
720 871 786 931 L.
819 870 1040 933 Furius
1080 868 1381 946 Purpurio
1426 874 1673 945 praetor
1716 869 1945 929 Gallico
1991 870 2154 930 bello
2202 886 2382 941 unam,

441 959 687 1018 alteram
721 958 966 1016 consulz
1012 953 1319 1015 dedicavit
1358 954 1427 1028 Q.
1455 952 1723 1013 Marcius
1750 952 1929 1013 Ralla
1956 951 2263 1015 duumvir.
2314 955 2383 1012 iu-

443 1041 604 1101 dicia
631 1041 691 1100 in
723 1041 1102 1101 feneratores
1133 1053 1207 1098 eo
1240 1052 1401 1097 anno
1433 1038 1621 1097 multa
1655 1050 1875 1097 severe
1904 1043 2051 1097 sunt
2079 1038 2267 1109 facta,
2299 1054 2383 1097 ac·

443 1124 800 1185 cusantibus
843 1125 1116 1198 privatos
1158 1121 1461 1182 aedilibus
1500 1119 1813 1181 curulibus
1852 1118 1934 1180 Μ.
1964 1120 2193 1181 Tuccio
2236 1128 2295 1181 et
2331 1121 2381 1179 P.

441 1208 614 1268 Iunio
655 1207 866 1267 Bruto.
925 1207 1002 1266 de
1041 1206 1228 1267 multa
1269 1204 1693 1266 damnatorum
1722 1203 2060 1279 quadrigae
2089 1203 2381 1265 inauratae

441 1292 502 1351 in
537 1290 830 1367 Capitolio
862 1290 1132 1366 positae,
1171 1296 1234 1351 et
1270 1288 1331 1348 in
1364 1288 1519 1350 cella
1545 1285 1709 1347 lovis
1740 1304 1933 1363 supra
1963 1288 2270 1363 fastigium
2298 1304 2380 1347 ae·

442 1376 680 1451 diculae
706 1374 1034 1440 duodecim
1055 1372 1256 1449 clipea
1279 1372 1586 1442 inaurata;
1618 1378 1678 1433 et
1720 1371 1883 1431 idem
1902 1372 2209 1447 porticum
2230 1381 2383 1432 extra

442 1468 682 1537 portam
707 1458 1108 1535 Trigeminam
1135 1458 1292 1519 inter
1323 1456 1615 1532 lignarios
1646 1454 1941 1517 recerunt.

441 1568 446 1573 ·
609 1544 784 1604 XLII.
835 1544 1083 1605 Intentis
1123 1542 1186 1601 in
1228 1547 1590 1617 apparatum
1632 1538 1776 1601 novi
1815 1539 1957 1601 belli
1986 1540 2278 1600 Romanis
2316 1554 2380 1598 nc

444 1629 520 1687 ab
550 1625 854 1687 Antiocho
888 1626 1132 1703 quidem
1165 1626 1541 1687 cessabatur.
1600 1633 1721 1685 tres
1754 1640 1891 1683 eum
1926 1622 2203 1685 civitates
2234 1630 2377 1684 tene·

445 1712 616 1782 bant,
661 1708 926 1787 Smyrna
965 1717 1026 1770 et
1051 1710 1428 1770 Alexandria
1451 1709 1643 1770 Troas
1686 1714 1747 1767 et
1785 1707 2197 1784 LampsacuS‚
2242 1722 2376 1783 quas

440 1810 645 1870 neque
675 1792 734 1853 vi
768 1808 1123 1868 expugnare
1165 1794 1246 1853 ad
1290 1808 1426 1853 eam
1472 1792 1632 1852 diem
1676 1798 1913 1867 poterat
1956 1807 2157 1868 neque
2186 1791 2376 1853 condi-

442 1877 723 1939 cionibus
748 1878 807 1937 in
831 1876 1153 1939 amicitiam
1179 1878 1473 1953 perlicere
1488 1921 1503 1948 ,
1534 1891 1737 1953 neque
1758 1876 1837 1935 ab
1858 1881 2031 1950 tergo
2052 1875 2375 1952 relinquere

442 1961 726 2024 traiciens
757 1962 893 2038 ipse
921 1962 982 2021 in
1011 1961 1322 2039 Europam
1350 1961 1615 2024 volebat.
1660 1958 1853 2022 tenuit
1879 1977 2019 2020 eum
2050 1967 2110 2022 et
2138 1962 2216 2022 de
2235 1960 2373 2022 Han·

449 2047 649 2108 nibale
678 2045 1052 2108 deliberatio.
1097 2053 1158 2108 et
1184 2048 1379 2122 primo
1410 2061 1601 2106 naves
1642 2051 1920 2120 apertae,
1966 2061 2123 2120 quas
2155 2061 2285 2107 cum
2311 2058 2369 2102 eo

445 2131 746 2192 missurus
797 2132 858 2191 in
909 2130 1178 2190 Atricam
1227 2131 1451 2206 suerat,
1504 2135 1772 2190 moratae
1826 2135 1997 2203 sunt,
2050 2128 2267 2189 deinde
2310 2142 2371 2186 an

445 2216 690 2278 omnino
733 2215 1056 2277 mittendus
1099 2220 1270 2275 esset
1310 2211 1673 2275 consultatio
1704 2218 1869 2274 mota
1897 2219 2020 2285 est,
2070 2212 2317 2292 maxime
2342 2226 2370 2267 a

441 2301 716 2363 Thoante
752 2301 1004 2372 Aetolo,
1059 2298 1162 2374 qui
1204 2298 1487 2358 omnibus
1528 2298 1589 2356 in
1634 2295 1891 2356 Graecia
1928 2297 2185 2357 tumultu
2232 2310 2367 2356 com-

448 2386 624 2459 pletis
649 2383 1093 2446 Demetriadem
1117 2382 1437 2442 adferebat
1464 2381 1522 2440 in
1547 2387 1850 2456 potestate
1880 2395 2057 2455 esse,
2088 2387 2149 2440 et
2176 2379 2366 2456 quibus

449 2469 781 2530 mendaciis
811 2468 890 2528 de
915 2482 1092 2542 rege,
1123 2465 1577 2541 multiplicando
1601 2463 1807 2527 verbis
1838 2465 2055 2541 copias
2086 2462 2232 2537 eius,
2258 2475 2365 2520 ere·

448 2559 620 2612 xerat
645 2552 971 2612 multorum
1000 2551 1061 2611 in
1091 2548 1349 2611 Graecia
1377 2547 1647 2623 animoS,
1692 2548 1890 2609 isdem
1930 2557 1994 2610 et
2030 2549 2194 2625 regis
2221 2559 2365 2620 spem

445 2634 728 2695 inflabat:
785 2634 1053 2694 omnium
1095 2636 1252 2696 votis
1296 2649 1435 2693 eum
1474 2633 1743 2702 arcessi3
1788 2647 2159 2694 concursum
2197 2631 2269 2692 ad
2292 2628 2363 2686 lit·

447 2725 582 2777 tora
623 2718 915 2789 futurum,
967 2717 1130 2778 unde
1173 2720 1436 2780 classem
1478 2717 1710 2793 regiam
1753 2717 2239 2794 prospexissent.
2286 2711 2364 2770 hic

446 2799 611 2860 idem
651 2816 839 2861 ausus
879 2801 958 2860 de
998 2801 1336 2864 Hannibale
1378 2808 1475 2863 cst
1512 2817 1764 2864 movere
1804 2801 2163 2863 sententiam
2202 2809 2363 2876 prope

447 2885 568 2944 iam
591 2891 817 2944 certam
838 2885 1020 2960 regis.
1065 2901 1204 2946 nam
1228 2901 1431 2962 neque
1454 2884 1866 2948 dimittendam
1894 2892 2128 2961 partem
2152 2881 2361 2944 navium

447 2985 486 3028 a
515 2970 718 3028 classe
745 2969 916 3044 regia
945 2970 1262 3044 censebat,
1294 2985 1496 3046 neque
1526 2970 1581 3030 si
1607 2969 1935 3030 mittendae
1960 2984 2153 3030 naves
2180 2967 2359 3032 forent,

447 3055 647 3114 minus
679 3069 1048 3131 quemquam
1076 3054 1132 3114 ei
1173 3055 1357 3116 classi
1401 3071 1584 3130 quam
1610 3054 2013 3114 Hannibalem
2041 3049 2360 3129 praeficien-

446 3139 610 3198 dum.
677 3139 954 3199 exsulem
996 3139 1162 3199 illum
1202 3146 1261 3200 et
1296 3139 1567 3199 Poenum
1608 3153 1782 3212 esse,
1824 3137 1923 3197 cui
1957 3136 2123 3198 mille
2161 3136 2219 3197 in
2256 3132 2359 3192 dies

447 3239 610 3282 nova
639 3221 899 3284 consilia
924 3224 1022 3282 vel
1052 3224 1297 3284 fortuna
1322 3239 1437 3284 sua
1464 3222 1563 3282 vel
1594 3221 1902 3296 ingenium
1940 3228 2157 3296 posset
2180 3221 2359 3280 facere-

447 3312 508 3366 et
537 3304 734 3380 ipsam
765 3322 898 3365 eam
929 3306 1184 3380 gloriam
1209 3307 1385 3380 belli,
1422 3323 1545 3380 qua
1572 3305 1739 3366 velut
1766 3306 1910 3366 dote
1929 3304 2227 3366 Hannibal
2246 3313 2361 3360 con·

451 3387 713 3461 cilietur,
745 3389 986 3449 nimiam
1018 3390 1077 3448 in
1117 3391 1428 3465 praefecto
1457 3390 1629 3463 regio
1661 3403 1825 3449 esse.·
1867 3403 2077 3463 regem
2105 3378 2361 3459 conspici.

451 3483 674 3552 regem*
697 3487 880 3530 unum
924 3471 1170 3546 ducem,
1221 3491 1410 3534 unum
1450 3473 1876 3548 imperatorem
1916 3472 2112 3533 videri
2152 3468 2357 3532 debere-
