2548 3950
504 242 732 303 Lissa
758 240 1024 301 xxxvl.
1067 240 1465 305 CAP.15.16.
1510 247 1581 316 [a.
1608 244 1672 306 c.
1699 246 1823 314 191]
2023 237 2149 305 235

167 413 356 459 vana
389 394 698 471 promissa
733 394 1017 455 incusare
1059 401 1120 455 et
1157 394 1521 470 Thoantem,
1562 395 1963 456 Hannibalem
2004 411 2152 456 vero

173 499 323 543 non
342 487 409 543 ut
430 478 794 555 prudentem
815 483 1044 539 tantum
1065 478 1281 553 virum,
1304 478 1421 539 sed
1444 494 1643 555 prope
1665 486 1867 540 vatem
1890 480 2157 541 omnium

179 580 362 643 quae
400 572 528 625 tum
569 562 908 636 evenirent,
949 561 1256 623 adrnirari.
1310 576 1392 623 ne
1436 569 1639 624 tamen
1678 570 1906 623 temere
1934 570 2158 639 coepta

181 647 460 725 segnitia
494 647 755 721 insuper
793 651 1122 722 everteret,
1161 648 1411 707 nuntios
1438 646 1500 707 in
1530 644 1829 708 Aetoliam
1858 647 2050 721 misit,
2091 653 2160 708 ut

181 730 365 794 omni
394 736 704 793 contracta
731 729 1044 790 inventute
1071 730 1470 791 convenirent
1494 730 1765 792 Lamiam
1778 776 1795 802 ,
1826 731 2051 808 etipse
2080 746 2155 791 eo

181 819 417 878 decem
455 814 620 875 milia
655 814 788 873 fere
828 812 1098 889 peditum
1139 828 1218 873 ex
1246 813 1346 874 his
1376 814 1481 890 qui
1508 822 1731 890 postea
1756 822 2052 877 venerant
2079 830 2159 875 ex
2280 874 2283 877 ,

181 900 352 961 Asia
391 898 637 974 expleta
677 904 738 958 et
775 897 1012 972 equites
1057 898 1425 972 quingentos
1469 898 1661 959 duxit.
1728 915 1849 973 quo
1883 914 2019 958 cum
2051 899 2157 960 ali-

186 991 430 1060 quanto
472 980 798 1058 panciores
850 996 1032 1055 quam
1073 997 1365 1057 umquam
1404 987 1548 1043 ante
1588 982 2057 1057 convenissent,
2100 990 2161 1043 et

187 1068 514 1145 principes
535 1064 950 1127 tantummodo
974 1080 1112 1125 cum
1136 1066 1353 1142 paucis
1377 1066 1699 1128 clientibus
1722 1074 1947 1139 essent,
1972 1072 2159 1141 atque

187 1152 234 1212 ii
268 1152 546 1211 dicerent
571 1148 778 1212 omnia
803 1150 1022 1210 sedulo
1053 1149 1132 1209 ab
1161 1166 1233 1211 sc
1254 1152 1432 1225 facta,
1461 1156 1732 1227 utquam
1757 1152 2053 1226 plurimos
2078 1164 2158 1209 ex

189 1235 543 1296 civitatibus
583 1234 716 1295 suis
755 1239 1112 1308 evocarent,
1154 1249 1270 1295 nec
1296 1235 1655 1295 auctoritate
1680 1250 1796 1296 nec
1822 1235 2016 1311 gratia
2044 1249 2159 1293 nec

191 1320 456 1395 imperio
478 1319 782 1379 ‘adversus
801 1318 1209 1379 detractantes
1231 1319 1499 1380 militiam
1520 1317 1810 1393 valuisse,
1834 1317 2155 1379 destitutus

186 1403 476 1477 undique
503 1410 568 1464 et
591 1398 667 1461 ab
697 1401 860 1475 suiS,
893 1400 998 1477 qui
1027 1402 1422 1464 morabantur
1450 1403 1512 1462 in
1541 1403 1721 1476 Asia,
1753 1410 1815 1462 et
1840 1402 1917 1461 ab
1946 1401 2154 1474 sociis,

191 1485 308 1563 qui
336 1502 412 1547 ea
435 1487 500 1546 in
531 1501 790 1561 quorum
817 1501 994 1561 spem
1018 1492 1387 1548 vocaverant
1414 1502 1537 1547 non
1564 1486 1974 1561 praestabant,
2003 1485 2160 1544 intra

193 1572 423 1632 saltum
473 1569 1016 1647 Thermopylarum
1073 1585 1218 1630 sese
1269 1571 1522 1645 recepit.
1594 1570 1658 1630 id
1704 1570 1912 1645 iugum
1926 1615 1942 1643 ,
2000 1569 2159 1629 sicut

192 1654 506 1729 Apennini
535 1654 724 1715 dorso
754 1653 924 1713 Italia
953 1653 1257 1726 dividitur,
1289 1656 1371 1715 ita
1391 1653 1653 1714 mediam
1677 1653 1991 1715 Graeciam
2015 1652 2156 1713 diri-

195 1738 324 1798 mit.
375 1746 516 1799 ante
545 1738 765 1798 saltum
792 1737 1337 1816 Thermopylarum
1378 1740 1435 1798 in
1470 1740 1945 1814 septentrionem
1974 1751 2159 1797 versa

194 1822 423 1897 Epiros
447 1828 508 1881 et
519 1820 884 1880 Perrhaebia
905 1826 967 1881 et
977 1820 1295 1896 Magnesia
1317 1828 1380 1883 et
1389 1822 1707 1883 Thessalia
1726 1830 1823 1883 est
1844 1820 2155 1881 etPhthio-

201 1914 300 1966 tae
327 1905 559 1966 Achaei
597 1910 658 1964 et
697 1903 870 1964 sinus
897 1904 1223 1967 Maliacum
1277 1906 1436 1967 intra
1476 1907 1688 1966 fauces
1730 1906 1812 1966 ad
1847 1904 2156 1966 meridiem

199 1997 464 2065 vergunt
489 1990 766 2050 Aetoliae
793 2005 939 2064 pars
967 1992 1163 2051 maior
1191 1997 1254 2051 et
1270 1990 1622 2051 Acarnania
1649 1996 1713 2050 et
1740 2005 1876 2050 cum
1896 1988 2159 2050 Locride

199 2073 422 2134 Phocis
463 2080 526 2134 et
549 2073 808 2134 Boeotia
851 2073 1262 2148 adiunctaque
1300 2074 1503 2135 insula
1526 2073 1811 2147 Euboea,
1853 2079 1915 2134 et
1942 2086 2158 2133 excur-

201 2164 373 2218 rente
398 2157 462 2218 in
483 2158 668 2218 altum
687 2156 854 2218 velut
874 2158 1293 2231 promunturio
1316 2157 1519 2220 Attica
1538 2165 1719 2232 terra,
1748 2159 1863 2217 sita
1887 2156 1963 2217 ab
1985 2162 2157 2228 tergo

147 2247 157 2255 ‘
202 2247 267 2302 et
289 2240 771 2317 Peloponnesus.
840 2240 961 2300 hoc
986 2241 1194 2316 iugum
1224 2241 1303 2302 ab
1329 2242 1593 2301 Leucate
1621 2247 1683 2301 et
1708 2240 1861 2300 mari
1890 2239 1970 2299 ad
1998 2239 2159 2298 occi-

203 2326 450 2386 dentem
473 2339 658 2386 verso
686 2341 800 2401 per
825 2323 1129 2388 Aetoliam
1154 2325 1234 2385 ad
1263 2325 1515 2386 alterum
1544 2339 1715 2384 mare
1743 2321 1961 2382 orienti
1990 2320 2158 2382 obie-

206 2417 367 2470 ctum
407 2408 668 2470 tendens
709 2424 785 2468 ea
829 2415 1078 2484 aspreta
1117 2423 1435 2484 rupesque
1462 2407 1811 2468 interiectas
1841 2404 2053 2479 habet,
2096 2410 2163 2465 ut

206 2509 333 2554 non
377 2493 560 2554 modo
601 2492 908 2554 exercitus
951 2492 1066 2553 sed
1105 2507 1184 2552 ne
1213 2491 1488 2568 expediti
1519 2491 1767 2568 quidem
1795 2490 1975 2550 facile
2000 2489 2158 2550 ullas

209 2576 289 2638 ad
313 2576 631 2637 transitum
655 2577 842 2636 calles
861 2574 1191 2637 inveniant.
1233 2583 1545 2638 extremos
1568 2575 1649 2636 ad
1671 2575 1965 2636 orientem
1988 2588 2159 2633 mon·

203 2663 284 2723 tis
319 2658 529 2723 Oetam
556 2664 810 2735 vocant,
843 2675 1105 2736 quorum
1133 2660 1305 2736 qued
1330 2660 1691 2721 altissimum
1720 2663 1835 2730 est,
1868 2657 2159 2718 Callidro-

205 2761 349 2806 mon
389 2745 762 2820 appellatur;
816 2741 880 2803 in
909 2744 1083 2806 cuius
1127 2745 1286 2805 valle
1326 2745 1407 2805 ad
1431 2743 1755 2804 Maliacum
1796 2743 1994 2804 sinum
2026 2757 2159 2801 ver-

206 2834 388 2905 gente
413 2830 527 2890 iter
553 2835 651 2890 est
678 2843 799 2889 non
824 2827 1006 2889 latius
1022 2843 1212 2904 quam
1229 2828 1553 2904 sexaginta
1571 2843 1820 2903 passus.
1863 2826 2017 2887 haec
2038 2841 2163 2886 una

207 2911 478 2974 militaris
503 2913 608 2973 via
637 2918 748 2987 est,
780 2927 904 2986 qua
929 2913 1166 2974 traduci
1195 2913 1522 2986 exercitUS,
1551 2912 1607 2972 si
1638 2928 1763 2973 non
1793 2910 2159 2986 prohibean-

207 3005 320 3069 tur,
353 2995 613 3072 possint.
650 2997 791 3056 ideo
813 2995 1019 3074 Pylae,
1051 3003 1112 3057 et
1139 2997 1216 3057 ab
1245 2997 1400 3070 aliia,
1430 2994 1575 3071 quia
1604 2995 1839 3054 calidae
1872 3007 2070 3067 aquae
2099 2991 2158 3050 in

208 3080 360 3156 ipsis
389 3079 670 3142 faucibus
700 3085 860 3154 sunt,
881 3080 1329 3158 Thermopylae
1349 3081 1524 3141 locus
1546 3078 1905 3153 appellatur,
1936 3074 2158 3134 nobilis

206 3163 829 3226 Lacedaemoniorum
869 3164 1168 3226 adversus
1208 3163 1434 3223 Persas
1474 3169 1668 3220 morte
1710 3159 1904 3233 magis
1933 3173 2159 3217 memo·

209 3248 379 3310 rabili
410 3264 595 3324 quam
624 3263 849 3324 pugna.

369 3331 532 3394 XVI.
573 3332 1068 3408 Haudquaquam
1094 3331 1229 3408 pari
1256 3338 1383 3393 tum
1410 3329 1613 3390 animo
1633 3324 1975 3390 Antiochus
2004 3322 2157 3385 intra

210 3423 418 3492 portas
458 3416 581 3478 loci
622 3417 754 3478 eius
798 3416 1016 3477 castris
1044 3414 1262 3492 positis
1295 3413 1727 3475 munitionibus
1755 3412 2013 3486 insuper
2040 3411 2145 3470 sal-

210 3511 330 3562 tum
367 3499 774 3578 impediebat;
831 3506 892 3561 et
933 3514 1070 3560 cum
1111 3499 1341 3575 duplici
1380 3497 1541 3558 vallo
1572 3497 1868 3570 fossaque
1897 3500 1958 3555 et
1985 3508 2157 3554 mure
