2548 3950
581 232 809 293 LIBER
838 230 1129 291 xxxva.
1175 232 1341 292 CAP.
1370 240 1423 293 3.
1452 241 1505 295 4.
1551 240 1623 306 [a.
1650 239 1717 291 c.
1746 240 1869 307 190]
2082 234 2207 297 263
2270 204 2281 210 ’

239 383 429 443 nonis
458 381 726 442 Lucinae
755 384 1045 456 templum
1086 381 1163 441 de
1205 383 1381 441 caelo
1420 388 1650 451 tactum¹
1690 388 1820 443 erat
1857 383 1967 455 ita,
2010 390 2077 445 ut
2118 385 2201 443 fa·

235 466 496 540 stig-ium
519 465 864 539 valvaeque
894 464 1396 525 deformarentur.
1440 464 1708 526 Puteolis
1738 466 2015 541 pluribus
2050 468 2201 526 locis

239 566 460 609 murus
501 556 564 608 et
608 555 789 623 porta
830 547 1078 608 fulmine
1120 549 1238 609 icta
1278 555 1340 609 et
1381 549 1505 609 duo
1548 548 1827 609 homines
1858 549 2201 610 exanimati.

237 632 506 693 Nursiae
527 644 752 692 sereno
775 632 925 692 satis
949 632 1270 692 constabat
1296 631 1564 692 nimbum
1586 639 1817 702 ortum;
1847 632 1932 693 ibi
1952 649 2203 709 quoque

236 717 408 776 duos
436 715 664 775 liberos
690 714 968 775 homines
997 714 1397 775 exanimatos.
1440 725 1603 777 terra
1628 716 1796 791 apud
1825 730 1895 776 se
1924 716 2201 791 pluvisse

235 798 574 859 Tusculani
604 797 987 872 nuntiabant,
1031 804 1093 858 et
1117 796 1357 859 Reatini
1399 800 1621 859 mulam
1662 800 1724 859 in
1769 815 1917 875 agro
1946 816 2061 862 suo
2092 816 2200 876 pe-

239 883 506 959 perisse.
549 896 626 941 ea
653 890 994 955 procurata,
1025 881 1399 957 Latinaeque
1431 884 1819 955 instauratae,
1851 883 2019 957 quod
2043 883 2197 946 Lau-

236 966 518 1025 rentibus
551 965 781 1040 carnis,
827 979 986 1040 quae
1023 964 1157 1024 dari
1199 963 1411 1038 debet,
1456 966 1599 1025 data
1638 982 1761 1027 non
1790 968 2005 1026 fuerat.
2051 982 2198 1041 sup-

237 1048 493 1124 plicatio
525 1064 775 1123 quoque
803 1063 1012 1108 earum
1039 1047 1401 1122 religionum
1424 1064 1615 1109 causa
1642 1048 1781 1121 fuit,
1828 1049 2050 1123 quibus
2082 1050 2197 1111 diis

235 1132 573 1192 decemviri
609 1146 692 1191 ex
731 1132 900 1192 libris
941 1138 1010 1191 ut
1046 1131 1220 1192 fleret
1266 1131 1607 1192 ediderunt.
1669 1132 1883 1192 decem
1928 1133 2195 1208 ingenui,

234 1215 461 1274 decem
491 1215 794 1289 virgines,
840 1216 1080 1291 patrimi
1109 1230 1325 1275 omnes
1354 1216 1763 1292 matrimique,
1808 1216 1979 1276 adid
2010 1220 2195 1277 sacri-

237 1297 451 1359 ¹ficium
480 1297 761 1367 adhibiti,
805 1305 865 1359 et
895 1298 1220 1359 decemviri
1263 1307 1445 1360 nocte
1484 1299 1846 1360 lactentibus
1888 1314 2017 1359 rem
2044 1300 2194 1363 divi-

235 1396 383 1441 nam
414 1384 704 1445 feceruut.
759 1381 824 1440 P.
859 1381 1171 1443 Cornelius
1215 1380 1423 1458 Scipio
1465 1382 1791 1443 Africanus
1832 1384 2195 1458 priusquam

235 1464 766 1540 proficisceretur,
812 1466 1105 1527 fornicem
1133 1467 1192 1525 in
1224 1465 1521 1541 Capitolio
1552 1466 2045 1526 adversus.viam
2074 1484 2197 1542 qua

233 1548 302 1607 in
345 1547 702 1624 Capitolium
743 1550 1118 1624 escenditur,
1171 1566 1310 1609 cum
1354 1551 1547 1624 signis
1588 1556 1827 1623 septem
1867 1550 2094 1610 auratis
2136 1558 2196 1611 et

229 1632 418 1706 equis
469 1631 742 1707 duobus,
807 1639 869 1693 et
927 1648 1268 1693 marmorea
1316 1634 1439 1696 duo
1494 1632 1664 1692 labra
1708 1637 1852 1692 ante
1900 1632 2194 1694 fornicem

235 1717 464 1790 posuit.

405 1799 523 1858 Per
545 1812 654 1859 eos
679 1800 810 1859 dies
834 1798 1148 1875 principes
1161 1801 1517 1860 Aetolorum
1538 1808 1663 1860 tres
1686 1807 1748 1860 et
1770 1800 2190 1876 quadraginta,

231 1884 394 1943 inter
423 1897 582 1958 quos
603 1884 986 1945 Damocritus
1011 1890 1070 1942 et
1093 1884 1279 1943 frater
1309 1884 1441 1943 eius
1472 1890 1674 1955 erant,
1706 1883 1784 1942 ab
1814 1883 2055 1944 duabus
2088 1899 2190 1945 co-

229 1966 513 2028 hortibus
543 1967 750 2028 missis
781 1984 819 2027 a
842 1966 942 2028 Μ’.
971 1966 1170 2028 Acilio
1199 1968 1453 2029 Romam
1498 1966 1745 2028 deducti
1788 1973 1849 2027 et
1876 1966 1938 2026 in
1964 1966 2189 2029 Lautu-

231 2051 390 2112 mias
442 2050 700 2112 coniecti
749 2059 910 2111 sunt.
975 2051 1262 2112 cohortes
1304 2050 1448 2110 inde
1488 2050 1571 2110 ad
1606 2049 1937 2110 exercitum
1986 2050 2189 2110 redire

229 2136 302 2195 L.
335 2134 650 2195 Cornelius
681 2137 897 2196 consul
923 2134 1121 2195 iussit.
1165 2135 1346 2210 legati
1378 2133 1455 2194 ab
1475 2133 1823 2195 Ptolemaeo
1855 2141 1915 2193 et
1936 2133 2188 2208 Cleopa·

229 2225 332 2280 tra
359 2218 608 2294 regibus
637 2219 937 2297 Aegypti,
981 2219 1354 2292 gratulantes
1386 2218 1552 2292 quod
1582 2217 1683 2275 Μ’.
1710 2217 1944 2276 Acilius
1976 2221 2186 2277 consul

227 2302 604 2363 Antiochum
631 2317 838 2375 regem
865 2301 1118 2362 Graecia
1143 2303 1512 2378 expulisset,
1545 2306 1843 2360 venerunt
1864 2299 2214 2360 adhortan.

227 2395 456 2461 tesque
471 2431 487 2458 ‚
519 2387 673 2447 utin
697 2387 912 2447 Asiam
933 2387 1264 2446 exercitum
1285 2386 1640 2446 traicerent=
1676 2382 1881 2443 omnia
1907 2384 2192 2458 perculsa

229 2475 401 2532 metu
429 2485 553 2530 non
593 2469 654 2529 in
681 2470 836 2530 Asia
873 2470 1059 2533 modo
1101 2469 1215 2530 sed
1255 2469 1437 2530 etiam
1478 2470 1537 2528 in
1570 2466 1754 2545 Syria
1788 2481 1965 2537 esse;
2008 2481 2189 2542 reges

229 2553 506 2629 Aegypti
536 2552 615 2613 ad
644 2567 720 2612 ea
749 2568 908 2630 quae
937 2554 1286 2615 censuisset
1314 2559 1564 2613 senatus
1586 2557 1837 2626 paratos
1860 2550 2012 2611 fore.
2052 2566 2187 2625 gra—

227 2637 355 2696 tiae
381 2636 631 2711 regibus
662 2641 866 2707 actae;
909 2637 1124 2712 legatis
1153 2652 1408 2697 munera
1436 2635 1567 2695 dari
1596 2635 1797 2708 iussa,
1826 2634 1887 2692 in
1912 2634 2187 2710 singulos

231 2726 596 2795 quaternum
627 2719 857 2781 milium
891 2721 1072 2781 aeris.

401 2803 506 2863 lv.
548 2804 616 2864 L.
633 2804 948 2865 Cornelius
975 2806 1190 2867 consul
1219 2804 1503 2880 peractiS,
1521 2819 1681 2881 quae
1693 2805 1927 2865 Romae
1948 2802 2187 2876 agenda

226 2897 436 2958 erant,
483 2903 596 2962 pro
627 2889 908 2948 contione
937 2889 1152 2962 edixit,
1193 2897 1261 2950 ut
1288 2888 1537 2962 milites,
1583 2903 1742 2963 quos
1784 2887 2013 2962 ipsein
2041 2901 2187 2960 sup·
2236 2929 2240 2934 -

231 2971 602 3045 plementum
633 2972 992 3048 scripsisset
1017 2973 1248 3048 quique
1278 2973 1339 3031 in
1360 2971 1609 3033 Bruttiis
1638 2985 1778 3032 cum
1805 2970 1881 3030 A.
1906 2967 2185 3029 Cornelio

233 3059 639 3128 propraetore
661 3060 899 3128 essent,
931 3062 995 3115 ut
1019 3056 1082 3116 hi
1111 3071 1327 3116 omnes
1349 3055 1552 3115 idibus
1577 3052 1975 3128 Quinctilibus
1994 3051 2187 3111 Brun-

227 3136 459 3197 disium
489 3139 902 3198 convenirent.
947 3139 1090 3198 item
1112 3146 1237 3198 tres
1261 3139 1501 3212 legatos
1522 3136 1883 3208 nominavit,
1916 3133 2060 3194 Sex.
2084 3133 2185 3194 Di·
2214 3153 2219 3158 ·

226 3219 441 3294 gitium
480 3220 547 3279 L.
577 3223 906 3296 Apustium
945 3219 1008 3281 C.
1037 3221 1379 3281 Fabricium
1418 3219 1777 3291 Luscinum,
1828 3218 1933 3292 qui
1972 3233 2051 3278 ex
2078 3233 2187 3278 ora

230 3302 531 3364 maritima
558 3306 830 3381 undique
858 3305 1034 3364 navis
1054 3303 1448 3364 Brundisium
1472 3301 1926 3372 contraherent;
1977 3309 2039 3362 et
2060 3317 2186 3361 om-

227 3385 414 3446 nibus
457 3387 577 3446 iam
618 3389 846 3462 paratis
887 3389 1217 3463 paludatus
1260 3387 1338 3447 ab
1378 3385 1533 3446 urbe
1572 3393 1669 3446 est
1708 3386 2044 3460 profectus.
2107 3384 2183 3444 ad

227 3470 506 3546 quinque
537 3471 699 3530 milia
729 3471 1236 3546 voluntariorum,
1265 3471 1522 3531 Romani
1552 3470 1860 3544 sociique,
1892 3469 1997 3545 qui
2025 3481 2181 3529 eme-
