2548 3950
565 228 798 290 LIBER
837 228 1131 291 xxxvn.
1181 230 1508 292 CAP.5.6.
1541 238 1613 303 [a.
1646 237 1865 304 c.190]
2044 232 2191 295 ,265
2249 212 2253 216 ’

231 381 450 456 segnia
477 380 715 440 aestiva
743 387 957 441 essent.
980 388 1040 440 et
1065 380 1268 441 Aetoli
1300 398 1421 443 non
1450 383 1829 458 impetratam
1871 400 2090 460 pacem
2118 386 2195 450 ab

231 470 454 527 senatu
481 463 670 523 nihilo
693 464 894 523 minus
926 478 1042 537 per
1069 480 1244 523 suam
1266 464 1715 526 cunctationem
1735 466 2049 541 haberent,
2084 486 2193 545 op·

233 562 518 625 pugn-arc
564 546 802 607 Acilius
849 546 1248 621 Amphissam
1300 549 1523 619 statuit.
1604 551 1681 609 ab
1728 550 2028 612 Heraclea
2085 568 2197 627 per

231 631 448 693 Oetam
475 630 782 691 exercitus
813 645 890 689 eo
923 630 1244 691 deductus.
1302 648 1440 691 cum
1472 634 1551 693 ad
1580 634 1822 695 moenia
1852 641 2055 707 castra
2084 653 2195 711 po-

230 714 493 788 suisset,
537 729 952 787 norrcorona,
994 714 1153 792 sicut
1178 714 1479 790 Lamiam,
1525 716 1641 776 sed
1670 718 1965 793 operibus
1996 735 2193 795 oppu-

228 812 424 875 gnare
451 798 666 860 urbem
696 804 792 858 est
819 797 1092 858 adortus,
1153 799 1434 872 pluribus
1478 798 1657 861 simul
1698 801 1853 862 locis
1894 802 2055 862 aries
2086 802 2193 862 ad-

227 881 620 954 movebatur,
662 886 724 940 et
751 897 889 941 cum
922 887 1316 956 quaterentur
1343 884 1529 955 muri,
1567 883 1713 943 nihil
1744 886 2043 946 adversus
2076 888 2195 946 tale

225 963 695 1029 machinationis
725 979 922 1039 genus
952 980 1176 1039 parare
1213 971 1321 1025 aut
1358 966 1737 1027 comminisci
1768 968 2062 1043 oppidani
2092 986 2195 1029 co-

228 1050 552 1111 nabantur.
609 1048 807 1108 omnis
847 1063 998 1123 spes
1028 1049 1089 1107 in
1119 1049 1305 1109 armis
1335 1057 1398 1110 et
1432 1050 1693 1111 audacia
1723 1059 1880 1112 erat:
1922 1053 2191 1128 eruptio-

229 1134 414 1193 nibus
445 1132 676 1192 crebris
705 1138 768 1191 et
797 1132 1092 1193 stationes
1119 1132 1417 1209 hostium,
1448 1142 1509 1194 et
1530 1148 1640 1195 eos
1665 1135 1872 1209 ipsoS,
1907 1138 2010 1211 qui
2034 1137 2196 1196 cir'oa

231 1232 427 1293 opera
465 1224 527 1276 et
563 1215 878 1275 machinas
921 1223 1122 1287 erant,
1168 1216 1511 1277 turbabant.
1574 1218 1683 1277 VI.
1746 1220 1950 1279 multis
1990 1226 2192 1280 tamen

228 1301 386 1361 locis
400 1314 628 1359 ‘murus
661 1299 966 1360 decussus
997 1306 1155 1373 erat,
1189 1315 1325 1360 cum
1356 1301 1623 1361 adlatum
1646 1308 1743 1361 est
1764 1318 2191 1363 successorem

225 1382 598 1460 Apolloniae
627 1384 1246 1457 exposito-exercitu,
1289 1399 1403 1459 per
1430 1384 1683 1458 Epirum
1714 1400 1789 1443 ac
1814 1385 2190 1445 Thessaliam

229 1468 459 1528 venire.
504 1481 642 1526 cum
675 1466 966 1526 tredecim
993 1466 1237 1527 milibus
1266 1468 1538 1541 peditum
1562 1474 1624 1528 et
1644 1467 1991 1543 quingentis
2020 1469 2193 1543 equi·

227 1552 392 1613 tibus
435 1552 651 1611 consul
693 1549 996 1610 veniebat.
1061 1550 1182 1610 iam
1222 1551 1285 1609 in
1330 1552 1527 1617 sinum
1554 1548 1878 1613 Maliacum
1910 1558 2191 1624 venerat3

229 1642 291 1695 et
319 1634 680 1711 praemissis
701 1633 1008 1710 Hypatam
1039 1634 1142 1709 qui
1172 1635 1416 1694 tradere
1443 1634 1657 1695 urbem
1686 1635 1990 1710 iuberent,
2025 1644 2193 1711 post-

233 1734 420 1794 quam
455 1732 830 1793 responsum
871 1724 968 1777 est
1014 1718 1162 1778 nihil
1209 1718 1331 1778 nisi
1370 1733 1450 1777 ex
1492 1720 1796 1780 communi
1834 1720 2195 1781 Aetolorum

233 1804 482 1863 decreto
515 1802 817 1873 facturoS,
851 1816 930 1861 ne
956 1807 1192 1862 teneret
1218 1816 1290 1862 se
1321 1803 1696 1878 oppugnatio
1725 1804 2011 1879 Hypatae
2040 1819 2193 1864 non-

231 1886 379 1947 dum
415 1884 754 1960 Amphissa
791 1891 1072 1959 recepta,
1127 1887 1473 1959 praemisso
1515 1886 1701 1947 fratre
1724 1887 2016 1955 Africano
2044 1889 2185 1947 Am·

229 1970 510 2046 phissam
559 1968 743 2030 ducit.
829 1968 946 2030 sub
997 1970 1323 2030 adventum
1371 1986 1584 2031 eorum
1637 1967 1934 2044 oppidani
1980 1970 2195 2030 relicta

229 2055 386 2115 urbe
413 2083 498 2094 -
527 2053 648 2115 iam
674 2053 836 2112 enim
863 2068 1088 2127 magna
1113 2067 1193 2112 ex
1237 2060 1409 2128 parte
1450 2054 1680 2114 nudata
1712 2053 2033 2114 moenibus
2065 2061 2195 2114 erat

231 2139 397 2198 -in
429 2153 664 2210 arcem,
697 2153 880 2211 quam
907 2136 1445 2211 inexpugnabilem
1468 2136 1712 2211 habent,
1744 2152 1959 2197 omnes
1983 2137 2194 2197 armati
2268 2165 2276 2172 ,

234 2229 420 2297 atque
449 2222 712 2280 inermes
743 2235 1133 2281 concessere.

405 2305 632 2368 Consul
662 2304 739 2364 ab
769 2320 885 2366 sex
912 2303 1154 2364 milibus
1185 2304 1315 2364 sere
1344 2319 1641 2378 passuum
1680 2301 1825 2364 inde
1854 2300 2065 2377 posuit
2092 2318 2193 2362 ca—

235 2397 380 2450 stra.
426 2403 500 2450 eo
523 2388 706 2463 legati
727 2388 1140 2448 Athenienses
1161 2388 1424 2463 primum
1448 2388 1527 2447 ad
1548 2387 1613 2446 P.
1640 2385 1990 2462 Scipionem
2019 2401 2193 2460 prae-

233 2488 518 2548 gressum
543 2487 781 2546 agmen‚
805 2473 966 2533 sicut
985 2477 1126 2533 ante
1148 2473 1373 2532 dictum
1398 2479 1509 2544 est,
1527 2471 1751 2537 deinde
1774 2471 1855 2530 ad
1878 2469 2197 2531 consulem

231 2562 554 2628 venerunt,
579 2555 984 2631 deprecantes
1005 2572 1119 2631 pro
1143 2555 1405 2616 Aetolis.
1444 2553 1803 2616 clementius
1822 2569 2198 2630 responsum

236 2640 314 2700 ab
356 2639 648 2699 Africano
697 2639 992 2713 tulerunt,
1045 2640 1150 2714 qui
1201 2655 1452 2700 causam
1501 2639 1888 2714 relinquendi
1938 2638 2198 2700 honeste

234 2723 498 2784 Aetolici
537 2723 681 2782 belli
723 2737 1028 2797 quaerens
1057 2724 1269 2784 Asiam
1317 2730 1378 2783 et
1414 2737 1621 2798 regem
1648 2721 2017 2782 Antiochum
2054 2737 2196 2797 spe·

237 2806 468 2877 etabat,
513 2809 905 2880 iusseratque
933 2806 1344 2868 Athenienses
1384 2822 1509 2867 non
1535 2807 1831 2868 Romanis
1862 2807 2093 2878 solum,
2132 2811 2201 2865 ut

236 2904 453 2965 pacem
497 2889 657 2951 bello
704 2890 1110 2966 praeferrent,
1153 2891 1266 2952 sed
1310 2891 1489 2952 etiam
1516 2888 1755 2951 Aetolis
1799 2891 2198 2965 persuadere.

238 2973 517 3033 celeriter
561 2974 918 3034 auctoribus
957 2974 1437 3035 Atheniensibus
1488 2975 1783 3050 trequens
1834 2974 1911 3032 ab
1952 2973 2201 3050 Hypata

235 3057 461 3130 legatio
489 3059 842 3118 Aetolorum
872 3057 1068 3128 venit;
1127 3064 1188 3118 et
1225 3073 1402 3134 spem
1444 3057 1619 3130 pacis
1658 3057 1749 3116 eis
1786 3053 1988 3115 sermo
2020 3056 2201 3116 etiam

235 3139 540 3215 Africani,
573 3157 756 3217 quem
784 3142 1052 3215 priorem
1083 3140 1393 3213 adierunt,
1430 3140 1627 3214 auxit,
1670 3139 2201 3199 commemorantis

235 3223 460 3284 multas
501 3233 720 3299 gentes
763 3225 1160 3299 populosque
1198 3224 1260 3283 in
1289 3221 1589 3298 Hispania
1627 3223 1831 3297 prius,
1874 3221 2099 3281 deinde
2140 3222 2202 3281 in

235 3306 450 3368 Africa
475 3307 536 3367 in
565 3308 752 3368 fidem
782 3323 959 3368 suam
989 3308 1266 3368 venisse=
1309 3307 1369 3365 in
1408 3307 1691 3367 omnibus
1722 3320 1793 3366 se
1820 3305 2053 3365 maiora
2083 3305 2203 3364 cle·

237 3391 503 3451 montiae
522 3391 1039 3466 benignitatisque
1066 3405 1250 3466 quam
1269 3391 1507 3451 virtutis
1528 3389 1787 3450 bellicae
1812 3394 2205 3449 monumenta

148 3487 156 3492 ·
237 3474 586 3549 reliquisse.
634 3474 908 3549 perfecta
925 3473 1250 3535 videbatur
1268 3489 1391 3550 res,
1417 3489 1554 3534 cum
1575 3473 1781 3535 aditus
1804 3474 2021 3534 consul
2041 3471 2202 3532 idem
