2548 3950
558 210 783 273 LIBER
808 208 1127 271 XXXVIII.
1172 208 1336 269 CAP.
1363 218 1453 273 49.
1484 221 1571 272 50.
1617 216 1690 284 [a.
1716 216 1781 272 C.
1808 217 1932 283 187]
2101 212 2226 277 365

264 376 511 423 amnem
540 361 683 435 iuga
703 366 1007 421 tenentem
1028 360 1324 422 montium
1344 361 1408 421 Τ.
1435 359 1748 433 Quinctius
1773 362 2032 423 deiecit?
2057 365 2226 437 equi·

266 446 409 506 dem
440 444 659 515 adhuc,
696 446 938 521 qualem
966 450 1069 504 aut
1097 443 1215 503 sibi
1242 444 1476 517 fingant
1494 451 1600 505 aut
1620 444 1799 505 vobis
1822 446 2020 505 videri
2044 446 2230 509 velint

268 526 515 588 hostem
556 528 781 601 fuisse,
820 543 944 587 non
984 525 1249 587 invenio.
1322 527 1375 587 si
1413 527 1782 601 degenerem
1811 536 1872 591 et
1899 530 2230 591 emollitum

264 610 637 671 amoenitate
664 610 872 684 Asiae,
912 610 1064 685 quid
1090 610 1347 685 periculi
1376 612 1474 672 vel
1503 612 1716 685 iniquo
1747 612 1886 672 loco
1911 613 2226 675 subeunti·

262 695 385 755 bus
415 694 570 754 fuit?
611 694 665 755 si
693 694 1025 755 timendum
1052 700 1115 755 et
1142 693 1380 761 feritate
1405 695 1744 755 animorum
1765 701 1828 755 et
1843 694 2072 756 robore
2090 712 2228 757 veor

260 794 505 853 porum,
535 777 777 839 huicine
803 782 1007 837 tantae
1028 776 1319 837 victoriae
1341 778 1710 853 triumphum
1727 780 1970 853 negatis
1984 784 2015 839 ἲ
2041 794 2230 841 caeca

238 860 499 921 invidia
542 868 665 933 est,
717 867 924 937 patres
969 860 1331 935 conscripti,
1381 876 1497 921 nec
1537 862 1866 939 quiequam
1902 861 2072 925 aliud
2109 864 2229 925 scit

259 959 451 1020 quam
480 945 819 1006 detractare
846 944 1119 1018 virtuteS,
1151 958 1544 1019 corrumpere
1565 944 1836 1005 honores
1859 961 1933 1005 ac
1959 947 2230 1020 praem-ia

254 1043 496 1089 earum.
554 1028 707 1089 mihi
740 1043 977 1103 quaeso
1007 1028 1090 1089 ita
1114 1027 1481 1103 ignoscatis,
1525 1035 1734 1103 patres
1761 1030 2130 1104 conscripti,
2171 1030 2228 1090 si

258 1112 607 1206 longiorem
650 1110 985 1173 orationem
1012 1126 1136 1171 non
1168 1112 1474 1186 cupiditas
1505 1112 1803 1186 gloriandi
1834 1112 1912 1172 de
1941 1128 2070 1185 me,
2109 1114 2226 1180 sed

258 1194 626 1256 necessaria
664 1195 982 1257 criminum
1021 1195 1304 1256 defensio
1346 1194 1507 1256 fecit.
1574 1212 1650 1273 an
1683 1197 1867 1257 etiam
1898 1211 2014 1271 per
2040 1194 2226 1257 Thra-

257 1280 419 1339 ciam
450 1278 647 1339 saltus
676 1284 977 1352 patentes,
1007 1278 1111 1353 qui
1132 1279 1384 1353 angusti
1403 1286 1591 1353 erant,
1623 1287 1683 1339 et
1705 1281 1889 1353 plana
1911 1294 1992 1339 ex
2013 1279 2226 1339 arduis

250 1370 319 1423 et
342 1364 517 1424 culta
537 1377 623 1423 ex
652 1360 1039 1423 silvestribus
1070 1362 1274 1423 facere
1313 1363 1489 1437 potui
1518 1370 1579 1423 et
1620 1370 1963 1437 praestare,
2005 1363 2227 1423 necubi

249 1440 420 1507 notis
452 1444 574 1507 sihi
605 1445 854 1506 latebris
886 1443 1322 1507 delitescerent
1347 1446 1617 1507 latrones
1640 1445 1928 1517 Thraces,
1959 1456 2038 1505 ne
2077 1446 2228 1519 quid

242 1531 643 1591 sarci-narum
664 1535 1001 1604 raperetur,
1030 1544 1111 1589 ne
1134 1530 1310 1603 quod
1335 1530 1668 1591 iumentum
1689 1544 1776 1590 ex
1797 1534 1964 1591 tanto
1981 1530 2227 1603 agmine

242 1612 737 1686 abstraheretur,
768 1628 846 1673 ne
878 1612 1017 1687 quis
1044 1614 1480 1687 vulneraretur,
1509 1628 1588 1673 ne
1607 1628 1688 1675 ex
1709 1613 1962 1675 vulnere
1983 1612 2078 1673 vir
2102 1612 2223 1673 for·

247 1699 327 1759 tis
362 1712 439 1758 ac
476 1703 763 1757 strenuus
792 1696 860 1771 Q.
891 1695 1192 1757 Minucius
1220 1703 1604 1758 moreretur?
1655 1696 1716 1755 in
1746 1696 1866 1758 hoc
1897 1711 2065 1770 casu,
2097 1712 2220 1771 quo

253 1780 585 1850 infeliciter
632 1778 843 1843 incidit
887 1787 956 1841 ut
990 1781 1171 1841 talem
1214 1780 1411 1841 civem
1453 1781 1860 1842 amitteremus
1876 1825 1892 1854 ,
1941 1779 2221 1839 haerent:

248 1866 427 1942 quod
473 1865 635 1926 saltu
675 1864 917 1940 iniquo,
969 1864 1107 1926 loco
1149 1863 1350 1925 alieno
1393 1880 1532 1925 cum
1570 1863 1826 1925 adortus
1864 1878 1984 1923 uos
2026 1864 2222 1923 hostis

250 1954 447 2020 esset,
482 1948 642 2009 duae
672 1948 853 2010 simul
875 1946 1042 2009 acies
1065 1948 1242 2022 primi
1265 1954 1330 2007 et
1349 1946 1664 2008 novissimi
1685 1946 1944 2020 agminis
1966 1945 2210 2006 haereti·

246 2040 377 2094 tem
400 2030 485 2090 ad
506 2029 939 2104 impedimenta
960 2037 1173 2090 nostra
1192 2031 1526 2091 exercitum
1547 2030 1942 2090 barbarorum
1967 2030 2216 2090 eircum—

246 2119 590 2182 venerunt;
644 2113 819 2190 quod
858 2114 1046 2173 multa
1083 2114 1249 2174 milia
1285 2113 1426 2188 ipso
1468 2113 1597 2186 die,
1645 2114 1822 2188 plura
1855 2112 2046 2174 multo
2079 2119 2224 2187 post

250 2199 398 2260 dies
429 2211 667 2272 paucos
698 2195 1052 2258 ceciderunt
1078 2203 1140 2256 et
1168 2204 1494 2272 ceperunt,
1524 2197 1644 2258 hoc
1673 2197 1727 2256 si
1755 2196 1876 2270 ipsi
1903 2197 2218 2268 tacuerint,

246 2299 375 2344 vos
409 2280 697 2356 scituros,
726 2295 865 2340 cum
892 2280 1069 2341 testis
1093 2280 1387 2341 orationis
1408 2295 1584 2340 meae
1604 2285 1768 2340 totus
1789 2279 2097 2340 exereitus
2123 2279 2219 2353 sit,

248 2383 385 2428 non
428 2365 726 2426 credunt?
764 2364 821 2424 si
847 2363 1116 2439 gladium
1140 2363 1203 2424 in
1233 2365 1386 2424 Asia
1413 2379 1536 2424 non
1563 2363 1981 2436 strinxissem,
2023 2363 2080 2424 si
2107 2362 2218 2424 ho-

246 2457 419 2512 stem
448 2465 574 2509 non
600 2447 924 2521 vidissem,
956 2454 1157 2509 tamen
1188 2447 1524 2524 proconsul
1548 2447 1918 2523 triumphum
1947 2448 2007 2508 in
2033 2447 2218 2506 Thra-

248 2535 353 2596 eia
384 2531 627 2594 duobus
659 2531 909 2608 proeliis
937 2545 1297 2592 merueram.
1365 2532 1480 2591 sed
1506 2532 1627 2591 iam
1655 2532 1881 2590 dictum
1910 2529 2062 2591 satis
2092 2535 2218 2589 este

260 2617 408 2694 quin
439 2631 553 2692 pro
584 2631 658 2677 eo
692 2615 858 2692 quod
887 2614 1167 2691 pluribus
1187 2614 1395 2674 verbis
1417 2630 1534 2674 vos
1557 2629 1742 2690 quam
1759 2615 1928 2675 volui
1951 2613 2218 2688 fatigavi,

246 2699 503 2762 veniam
532 2715 571 2759 a
596 2699 777 2760 vobis
808 2699 1053 2774 petitam
1081 2697 1592 2774 impetratamque
1612 2699 1810 2770 velim,
1843 2705 2047 2774 patres
2065 2713 2217 2758 con-

248 2782 535 2858 scripti.“

428 2868 497 2928 L.
550 2867 694 2933 Plus
740 2868 989 2929 crimina
1030 2882 1105 2928 eo
1136 2867 1237 2927 die
1266 2883 1454 2943 quam
1485 2866 1762 2927 defensio
1790 2865 2116 2937 valuisset,
2157 2864 2217 2923 ni

246 2952 713 3012 altercationem
752 2952 810 3011 in
852 2967 1059 3012 serum
1101 2951 1559 3025 perduxissent.
1629 2949 1939 3008 dimittitur
1967 2952 2218 3006 senatus

248 3031 320 3094 in
354 3046 429 3091 ea
456 3032 775 3108 opinione,
816 3040 884 3094 ut
911 3039 1245 3106 negaturus
1266 3032 1638 3106 triumphum
1667 3030 1862 3091 fuisse
1890 3029 2218 3089 videretur.

248 3121 515 3194 postero
546 3117 647 3176 die
676 3121 737 3178 et
756 3115 999 3190 cognati
1022 3114 1325 3189 amicique
1347 3113 1454 3174 Cn.
1475 3112 1682 3174 Manlii
1709 3113 1964 3173 summis
1991 3110 2216 3187 opibus

246 3198 459 3260 adnisi
502 3205 672 3272 sunt,
714 3204 775 3259 et
818 3194 1147 3259 auctoritas
1176 3197 1488 3258 seniorum
1517 3194 1705 3258 valuit
1729 3195 2081 3272 negantium
2111 3210 2215 3254 ex-

248 3284 525 3357 emplum
564 3283 871 3359 proditum
910 3281 1239 3342 memoriae
1270 3296 1414 3341 esse
1428 3327 1444 3355 ,
1484 3287 1551 3342 ut
1576 3279 1935 3356 imperator,
1979 3278 2083 3354 qui
2109 3279 2215 3338 de-

246 3365 437 3427 victis
476 3365 927 3442 perduellibus,
971 3365 1251 3426 confecta
1291 3364 1608 3440 provincia
1641 3365 1976 3425 exercitum
2001 3377 2207 3437 repor-

246 3457 476 3525 tasset,
520 3451 653 3510 sine
696 3465 878 3511 curru
919 3455 979 3510 et
1019 3450 1228 3509 laurea
1256 3449 1530 3524 privatus
1560 3446 2092 3523 inhonoratusque
2116 3461 2200 3506 ur
