2548 3950
337 183 421 246 22
642 179 874 241 LIBER
900 178 1109 237 XXXI.
1156 175 1321 236 CAP.
1352 182 1439 234 25.
1462 181 1549 234 26.
1589 178 1663 245 [a.
1688 176 1757 231 U.
1780 193 1829 228 e.
1850 176 1977 243 552]

341 331 764 394 consultabant
792 330 868 388 de
893 328 1052 388 bello
1077 328 1378 386 adversus
1400 324 1615 384 Nabim
1640 329 1966 403 tyrannum
1985 321 2298 382 Lacedae·

339 420 699 488 moniorum,
731 413 836 489 qui
860 414 1076 473 tralato
1108 410 1363 487 imperio
1394 425 1431 468 a
1449 407 1927 482 Philopoemene
1956 405 2037 466 ad
2059 405 2300 484 Cyclia-

341 506 497 574 dam,
515 513 902 574 nequaquam
925 511 1137 570 parem
1159 493 1243 553 illi
1266 493 1505 567 ducem,
1520 491 1763 567 dilapsa
1783 505 2044 550 cernens
2056 487 2301 549 Achae·

341 602 513 646 orum
537 582 779 656 auxilia,
792 580 1316 653 redintegraverat
1325 576 1569 648 bellum,
1588 590 1897 650 agrosque
1910 573 2304 634 finitimorum

339 670 636 741 vastabat,
668 671 729 725 et
755 666 875 725 iam
903 662 1159 723 urbibus
1193 674 1442 736 quoque
1470 665 1604 720 erat
1632 658 1937 723 terribilis.
1994 657 2302 718 adversus

339 756 501 812 hunc
549 752 789 810 hostem
841 762 980 806 cum
1021 751 1314 821 quantum
1355 759 1433 803 ex
1477 758 1727 819 quaque
1767 741 2009 802 civitate
2046 740 2304 802 militum

341 838 708 896 scriberetur
764 831 1209 903 consultarent,
1264 827 1582 903 Philippus
1640 828 2026 901 dempturum
2080 839 2151 885 se
2208 824 2304 884 eis

341 936 569 993 curam,
597 917 767 994 quod
795 915 877 974 ad
903 913 1116 974 Nabim
1149 919 1209 972 et
1234 910 1761 972 Lacedaemonios
1791 911 2086 982 attineret,
2125 907 2302 984 polli-

343 1006 515 1076 cituS‚
547 1015 663 1062 nec
689 1005 922 1060 tantum
951 1011 1136 1072 agros
1168 994 1479 1056 sociorum
1499 993 2005 1071 populationibus
2031 992 2305 1069 prohibi-

339 1098 567 1160 turum,
618 1084 733 1145 sed
779 1090 1075 1143 terrorem
1127 1095 1368 1140 omnem
1409 1078 1553 1139 belli
1592 1079 1655 1138 in
1696 1078 1899 1154 ipsam
1936 1077 2306 1139 Laconicam

345 1176 527 1232 ducto
559 1185 635 1230 eo
665 1167 975 1240 extemplo
1007 1163 1282 1225 exercitu
1309 1164 1681 1224 tralaturum.
1750 1162 1906 1223 haec
1935 1161 2129 1223 oratio
2161 1177 2304 1222 cum

341 1256 569 1330 ingenti
596 1253 870 1314 adsensu
890 1249 1201 1310 hominum
1227 1246 1626 1324 acciperetur,
1656 1246 1783 1321 „ita
1804 1251 2008 1307 tamen
2032 1261 2304 1323 aequum

341 1346 475 1398 cst“
507 1337 702 1413 inquit
736 1350 874 1409 „me
902 1340 1110 1394 vestra
1136 1332 1291 1393 meis
1321 1331 1507 1392 armis
1535 1330 1745 1406 tutari,
1793 1347 1872 1391 ne
1899 1346 2036 1391 mea
2062 1329 2303 1391 interim

339 1426 644 1482 nudentur
670 1416 1021 1498 praesidiis,
1087 1416 1312 1492 itaque,
1354 1417 1408 1476 si
1436 1414 1615 1476 vobis
1642 1415 1901 1490 videtur,
1929 1422 2161 1475 tantum
2190 1431 2302 1489 pa·

339 1516 467 1566 rate
509 1505 788 1577 militum,
833 1509 1125 1578 quantum
1169 1501 1248 1561 ad
1279 1499 1503 1562 Oreum
1532 1506 1592 1560 et
1621 1499 1970 1560 Chalcidem
2000 1505 2061 1559 et
2089 1498 2303 1560 Corin·

339 1592 505 1650 thum
556 1588 786 1648 tuenda
833 1586 983 1646 satis
1032 1586 1141 1658 sit,
1193 1592 1260 1645 ut
1304 1585 1458 1644 meis
1510 1583 1588 1643 ab
1641 1590 1812 1658 tergo
1853 1583 1999 1644 tutis
2040 1597 2302 1644 securus

339 1676 563 1732 bellum
601 1669 821 1731 Nabidi
877 1669 1132 1729 inferam
1173 1675 1235 1729 et
1273 1667 1841 1728 Lacedaemoniis.“
1916 1682 2040 1728 non
2091 1666 2304 1727 fefellit

341 1758 644 1829 Achaeos,
662 1770 785 1829 quc
810 1759 1157 1829 spectasset
1175 1759 1300 1812 tam
1320 1751 1587 1826 benigna
1606 1751 1961 1827 pollicitatio
1979 1750 2300 1812 auxilium·

343 1858 461 1914 quc
493 1838 759 1899 oblatum
789 1836 1090 1897 adversus
1118 1835 1675 1897 Lacedaemonics=
1720 1835 1783 1894 id
1815 1835 2051 1911 quaeri,
2094 1840 2164 1895 ut
2192 1834 2301 1895 ob-

341 1926 537 1984 sidem
579 1922 969 1983 Achaeorum
1011 1919 1381 1981 iuventutem
1430 1919 1720 1982 educeret
1760 1934 1839 1979 ex
1867 1919 2301 1996 Peloponneso

341 2008 421 2067 ad
465 2005 815 2079 illigandam
842 2007 1119 2066 Romano
1153 2006 1314 2065 bello
1345 2011 1606 2080 gentem.
1661 2010 1723 2065 et
1749 2003 1814 2064 id
1846 2003 2095 2079 quidem
2124 2019 2301 2066 coar-

339 2107 529 2165 guere
561 2088 886 2168 Cycliadas
927 2096 1176 2165 praetor
1212 2089 1601 2149 Achaeorum
1641 2087 1789 2147 nihil
1831 2087 2084 2148 attinere
2109 2093 2301 2164 ratuS,

341 2177 401 2233 id
433 2175 614 2233 modo
646 2178 798 2255 ‘cum
826 2172 1116 2247 dixisset,
1158 2190 1282 2233 non
1319 2172 1505 2233 licere
1532 2172 1771 2247 legibus
1798 2172 2192 2233 Achaeorum
2221 2172 2303 2231 de

341 2261 471 2317 aliis
517 2257 700 2318 rebus
741 2258 972 2317 referre
1018 2274 1200 2334 quam
1243 2261 1499 2334 propter
1529 2272 1684 2331 quas
1716 2257 2039 2316 convocati
2070 2263 2299 2329 essent,

339 2345 586 2403 decreto
630 2343 708 2403 de
751 2342 1027 2403 exercitu
1067 2342 1347 2418 parando
1384 2342 1683 2402 adversus
1714 2339 1931 2400 Nabim
1959 2340 2122 2400 facto
2154 2354 2299 2399 con-

339 2429 539 2485 cilium
569 2428 798 2486 fortiter
820 2442 893 2487 ac
908 2426 1106 2505 libere
1130 2426 1401 2486 habiturn
1425 2424 1668 2496 dimisit,
1693 2424 1850 2484 inter
1871 2423 2300 2485 adsentatores

337 2513 543 2581 regios
577 2515 714 2567 ante
743 2524 877 2567 eam
908 2509 1069 2569 diem
1098 2508 1359 2568 habitus.
1426 2507 1763 2583 Philippus,
1792 2523 2017 2583 magna
2045 2521 2163 2583 spe
2192 2506 2300 2568 de-

339 2595 575 2669 pulsus,
603 2591 962 2653 voluntariis
997 2592 1212 2666 paucis
1240 2590 1531 2653 militibus
1554 2591 1921 2667 conscriptis
1946 2590 2301 2653 Corinthum

339 2685 519 2751 atque
551 2677 609 2737 in
639 2677 900 2736 Atticam
928 2681 1150 2734 terram
1176 2675 1374 2737 rediit.

503 2760 714 2819 XXVI.
753 2758 867 2819 Per
888 2774 1000 2821 eos
1030 2759 1205 2835 ipsos
1229 2759 1363 2821 dies
1391 2759 1613 2835 quibus
1636 2758 1955 2836 Philippus
1980 2760 2041 2819 in
2063 2759 2301 2821 Achaia

341 2846 465 2915 suit,
499 2843 797 2903 Philocles
826 2844 1176 2920 praefectus
1204 2844 1413 2919 regius
1435 2859 1514 2903 ex
1533 2842 1790 2905 Euboea
1817 2845 2133 2919 profectus
2158 2858 2299 2905 cum

339 2929 581 2987 duobus
631 2925 874 2988 milibus
901 2927 1198 2987 Thracum
1227 2926 1761 3003 Macedonumque
1802 2930 1883 2989 ad
1911 2929 2297 3004 depopulan-

337 3013 449 3069 dos
483 3011 944 3072 Atheniensium
985 3012 1141 3072 fines
1181 3010 1435 3087 regione
1460 3011 1765 3073 Eleusinis
1808 3014 2031 3073 saltum
2060 3012 2296 3073 Cithae·

337 3097 501 3153 ronis
531 3096 938 3166 transcendit3
982 3096 1125 3155 inde
1153 3095 1402 3156 dimidia
1423 3102 1594 3172 parte
1615 3096 1868 3156 militum
1890 3096 1971 3158 ad
1996 3096 2296 3171 praedan-

337 3181 477 3237 dum
523 3180 750 3253 passim
793 3196 906 3256 per
934 3195 1119 3255 agros
1148 3180 1433 3254 dimissa,
1478 3196 1616 3241 cum
1643 3186 1819 3255 parte
1848 3180 1988 3257 ipse
2015 3180 2296 3241 occultus

337 3267 469 3319 loco
517 3263 593 3321 ad
624 3264 879 3324 insidias
912 3270 1258 3339 opportuno
1292 3264 1601 3339 consedit,
1642 3269 1710 3324 ut
1738 3264 1791 3323 si
1821 3279 1901 3323 ex
1931 3264 2184 3325 castello
2217 3262 2297 3325 ab

335 3345 617 3403 Eleusine
644 3346 707 3404 in
737 3347 1091 3419 praedantis
1123 3363 1272 3408 suos
1303 3347 1567 3423 impetus
1597 3347 1790 3422 fieret,
1820 3354 2073 3424 repente
2094 3345 2297 3409 hosfls

333 3429 569 3487 effusos
612 3444 690 3487 ex
733 3429 1068 3504 improviso
1110 3430 1473 3491 adoriretur.
1531 3446 1655 3493 non
1695 3432 1967 3493 fefellere
2010 3430 2297 3491 insidiae.
