2548 3950
554 203 786 265 LIBER
814 204 1134 265 XXXVIII.
1182 205 1347 264 CAP.
1381 215 1468 265 51.
1493 214 1580 267 52.
1623 210 1936 279 [a.c.187l
2099 206 2224 269 36ῒ

153 341 155 343 ’
267 358 549 419 omnibus
600 358 677 416 ad
721 357 1012 417 orientem
1054 356 1255 415 versis
1297 356 1546 431 regibus
1586 356 1995 431 gentibusque
2037 373 2226 433 appa-

264 449 453 515 reret,
496 455 684 500 unum
711 440 1019 499 hominem
1050 448 1237 515 caput
1266 440 1674 515 columenque
1699 440 1939 515 imperii
1965 442 2225 503 Romani

264 540 427 595 esse,
458 524 578 605 sub
603 524 820 585 umbra
842 522 1149 598 Scipionis
1180 521 1483 583 civitatem
1516 522 1822 583 dominam
1845 524 2014 584 orbis
2037 533 2224 585 terra-

261 624 398 667 rum
440 609 657 681 latere,
697 611 908 667 nutum
942 606 1075 667 eius
1116 622 1228 680 pro
1260 606 1524 666 decretis
1555 614 1821 681 patrum,
1863 623 1978 682 pro
2009 610 2224 684 populi

262 692 451 754 iussis
470 706 633 753 esse.
678 690 925 751 infamia
945 690 1232 751 intactum
1256 690 1504 765 invidia,
1533 706 1656 764 qua
1675 698 1955 765 possunt,
1984 700 2224 765 urgent.

262 774 640 845 orationibus
668 775 727 834 in
760 780 999 835 noctem
1030 773 1342 849 perductis
1372 772 1652 849 prodicta
1681 772 1814 834 dies
1847 782 1960 835 est.
2015 774 2120 835 ubi
2149 790 2224 835 ea

260 860 456 934 venit,
500 858 724 919 tribuni
764 859 825 918 in
855 856 1097 918 Rostris
1124 856 1323 932 prima
1349 859 1486 917 luce
1515 858 1942 919 consederunt.
2003 860 2220 919 citatus

257 957 403 1003 reus
443 958 665 1019 magno
707 940 947 1017 agmine
988 940 1320 1001 amicorum
1363 940 1791 1015 clientiumque
1822 958 1934 1015 per
1960 943 2221 1001 mediam

262 1026 607 1087 contionem
631 1027 713 1086 ad
731 1026 955 1086 Rostra
984 1024 1184 1098 subiit,
1216 1024 1585 1099 silentioque
1606 1025 1766 1088 facto
1797 1024 1996 1098 ‚,hoc“
2026 1026 2222 1099 inquit

258 1108 433 1181 ‚,die‚
475 1110 701 1171 tribuni
743 1108 939 1184 plebis
986 1122 1225 1183 vosque
1267 1106 1559 1181 QuiriteS,
1602 1122 1740 1167 cum
1779 1108 2119 1169 Hannibale
2159 1115 2221 1168 et

262 1190 859 1268 Carthaginiensibus
890 1191 1084 1265 signis
1108 1191 1344 1251 collatis
1376 1192 1434 1250 in
1459 1192 1668 1250 Africa
1689 1191 1850 1252 bene
1871 1208 1944 1253 ac
1966 1192 2220 1251 feliciter

261 1277 550 1351 pugnavi.
617 1277 824 1350 itaque
865 1290 1003 1334 cum
1044 1274 1229 1334 hodie
1257 1274 1464 1334 litibus
1495 1281 1558 1333 et
1582 1274 1792 1349 iurgiis
1824 1272 2239 1350 supersederi

258 1374 524 1433 aequum
564 1358 673 1433 sit,
714 1370 829 1433 ego
871 1358 1015 1417 hinc
1056 1359 1366 1432 extemplo
1409 1358 1471 1416 in
1501 1356 1860 1430 Capitolium
1901 1358 1980 1417 ad
2008 1358 2220 1417 lovem

259 1443 551 1515 optimum
595 1443 919 1501 maximum
948 1442 1371 1516 Iunonemque
1399 1446 1461 1500 et
1484 1438 1820 1499 Minervam
1851 1446 2218 1515 ceterosque

260 1525 431 1599 deOS,
466 1526 571 1601 qui
600 1525 895 1600 Capitolio
925 1531 1110 1599 atque
1139 1524 1264 1583 arci
1296 1523 1666 1597 praesident,
1705 1523 2062 1583 salutandos
2091 1521 2194 1584 ibo

257 1606 483 1683 hisque
521 1609 747 1683 gratias
790 1624 967 1682 agam
1010 1608 1179 1683 quod
1214 1606 1358 1665 mihi
1398 1615 1458 1667 et
1489 1606 1610 1665 hoc
1639 1606 1778 1681 ipso
1809 1605 1911 1666 die
1939 1615 2000 1665 et
2026 1621 2212 1681 saepe

258 1691 411 1752 alias
444 1692 689 1767 egregie
716 1691 1025 1767 gerendae
1043 1691 1131 1750 rei
1155 1689 1440 1765 publicae
1462 1696 1724 1749 mentem
1745 1690 2214 1765 facultatemque

259 1774 573 1836 dederunt.
615 1782 881 1836 vestrum
908 1789 1157 1851 quoque
1182 1772 1404 1848 quibus
1429 1773 1814 1833 commodum
1848 1781 1960 1847 est,
1989 1774 2070 1833 ite
2089 1790 2216 1833 rne-

256 1872 414 1933 cum,
448 1858 735 1933 Quirite5‚
770 1866 833 1919 et
860 1864 1027 1919 orate
1058 1859 1231 1931 deOS,
1263 1864 1332 1917 ut
1357 1857 1476 1915 mei
1505 1858 1734 1917 similes
1765 1856 2078 1931 principes
2107 1857 2217 1917 ha-

258 1936 483 2016 beatiS,
523 1944 631 2015 ita,
674 1942 729 2000 si
758 1942 835 2000 ab
866 1942 1041 2000 annis
1072 1939 1512 2014 septemdecim
1542 1938 1622 1999 ad
1651 1946 2025 2001 senectutem
2057 1956 2214 1999 sem-

254 2037 369 2097 per
409 2039 520 2084 vos
562 2029 821 2084 aetatem
861 2037 1056 2082 meam
1098 2022 1436 2084 honoribus
1474 2020 1698 2082 vestris
1741 2023 2044 2098 anteistiS,
2097 2039 2216 2098 ego

252 2114 499 2168 vestros
527 2106 800 2168 honores
830 2105 1015 2166 rebus
1044 2105 1332 2181 gerendis
1364 2106 1742 2180 praecessi.“
1785 2107 1862 2166 ab
1886 2107 2128 2168 Rostris
2153 2108 2214 2168 in

257 2189 615 2266 Capitolium
659 2189 955 2248 ascendit.
1028 2189 1207 2260 simul
1248 2205 1321 2249 se
1357 2189 1650 2249 universa
1679 2189 1882 2250 contio
1913 2191 2130 2251 avertit
2155 2198 2218 2252 et

245 2281 471 2334 'secuta
494 2273 844 2349 Scipionem
872 2278 998 2346 est,
1026 2273 1183 2334 adeo
1214 2280 1282 2331 ut
1307 2282 1620 2347 postremo
1649 2273 1891 2334 scribae
1918 2273 2212 2334 viatores—

258 2373 380 2430 que
418 2357 693 2418 tribunos
738 2356 1182 2432 relinquerent,
1226 2369 1342 2416 nec
1373 2371 1511 2416 cum
1541 2355 1616 2417 iis
1652 2363 1900 2431 praeter
1927 2358 2213 2418 servilem

254 2440 603 2501 comitatum
632 2445 705 2516 ‚et
753 2454 1151 2515 praeconem,
1208 2439 1313 2515 qui
1351 2455 1522 2500 reum
1571 2455 1650 2498 ex
1689 2441 1930 2502 Rostris
1974 2440 2214 2515 citabat,

254 2525 581 2600 quisquam
622 2531 808 2584 esset.
873 2521 1081 2598 Scipio
1124 2539 1247 2584 non
1279 2523 1340 2582 in
1372 2523 1668 2599 Capitolio
1698 2525 1916 2600 modo,
1958 2525 2070 2584 sed
2101 2539 2212 2599 per

253 2613 439 2667 totam
484 2606 697 2667 urbem
746 2606 949 2667 omnia
986 2609 1215 2683 templa
1256 2608 1438 2667 deum
1479 2622 1618 2668 cum
1656 2609 1890 2683 populo
1933 2608 2214 2671 Romano

254 2690 567 2751 circumiit.
636 2688 997 2751 celebratior
1037 2689 1091 2750 is
1131 2705 1332 2766 prope
1373 2689 1507 2750 dies
1543 2692 1758 2752 favore
1798 2690 2112 2752 hominum
2154 2698 2214 2753 et

250 2772 672 2835 aestimatione
690 2789 878 2835 verae
898 2773 1331 2850 magnitudinis
1355 2773 1489 2835 eius
1514 2776 1638 2847 fuit,
1657 2790 1844 2851 quam
1859 2792 1984 2851 quo
2005 2776 2212 2836 trium-

250 2855 450 2933 phans
492 2858 571 2920 de
614 2855 903 2937 Syphace
940 2873 1089 2934 rege
1131 2866 1191 2918 et
1220 2858 1820 2933 Carthaginiensibus
1862 2859 2075 2918 urbem
2119 2865 2215 2919 est

250 2939 548 3002 invectus.

416 3023 539 3082 LII.
567 3024 681 3083 Hic
696 3024 1021 3099 speciosus
1044 3027 1292 3084 ultimus
1308 3024 1444 3084 dies
1455 3023 1520 3082 Pz
1537 3021 1812 3098 Scipioni
1826 3024 2036 3084 illuxit.
2068 3032 2214 3099 post

251 3122 434 3183 quem
465 3123 603 3168 cum
624 3105 914 3168 invidiam
937 3116 997 3167 et
1019 3107 1350 3168 certamina
1371 3121 1508 3166 cum
1526 3105 1785 3168 tribunis
1809 3107 2211 3183 prospiceret,

250 3191 350 3251 die
376 3188 654 3267 longiore
684 3190 965 3266 prodicta
993 3191 1052 3250 in
1074 3189 1451 3250 Literninum
1481 3191 1790 3252 concessit
1819 3199 1985 3252 certo
2010 3191 2210 3251 consi·

246 3273 350 3351 lic,
379 3289 459 3338 ne
488 3275 569 3335 ad
599 3289 848 3337 causam
878 3274 1201 3335 dicendam
1231 3274 1500 3335 adesset.
1540 3273 1734 3335 maior
1755 3274 1992 3336 animus
2015 3280 2077 3333 et
2103 3289 2207 3334 na·

247 3362 385 3418 tura
413 3364 544 3419 erat
569 3373 643 3418 ac
670 3355 887 3420 maiori
915 3359 1197 3420 fortunae
1225 3359 1524 3418 adsuetus
1539 3403 1554 3431 ,
1586 3373 1768 3433 quam
1793 3365 1866 3418 -ut
1891 3373 2036 3418 reus
2067 3371 2208 3418 esse

246 3438 544 3518 inciperet
581 3449 643 3504 et
670 3443 1045 3506 summittere
1084 3457 1158 3503 se
1184 3442 1247 3502 in
1274 3441 1670 3503 humilitatem
1713 3456 1963 3503 causam
2004 3439 2208 3502 dicen·-
