2548 3950
422 245 545 309 156
649 243 879 304 LIBER
909 243 1177 304 xxxiv.
1220 242 1386 302 CAP.
1415 249 1726 304 35 36 37.
1771 247 1844 314 [a.
1870 245 1938 297 U.
1965 263 2012 298 c.
2037 245 2165 312 557]

423 413 543 474 que
574 396 650 456 ab
681 393 755 454 iis
791 393 1138 456 abstineret.
1184 407 1263 452 ne
1293 392 1464 468 quod
1485 391 1800 467 oppidum,
1833 406 1956 453 neu
1977 392 2152 466 quod
2177 393 2392 452 castel-

420 484 544 543 lum
572 479 633 538 in
662 494 779 539 suo
810 477 1093 538 alienove
1121 491 1273 550 agro
1303 476 1612 536 conderet.
1660 475 1934 550 obsides,
1963 489 2044 534 ea
2063 475 2151 534 ita
2169 476 2388 547 futura,

421 566 593 625 daret
624 562 913 637 quinque,
946 575 1107 636 quos
1134 559 1490 635 imperatori
1507 560 1803 620 Romano=
1811 558 2173 634 placuisset,
2207 559 2388 620 fllium

419 649 482 710 in
523 640 597 708 iis
640 662 852 715 suurn3
918 651 979 706 et
1015 645 1241 704 talenta
1283 649 1526 704 centum
1565 643 1800 717 argenti
1843 641 1903 703 in
1945 643 2296 718 praesenti,
2337 649 2388 702 et

423 731 863 809 quinquaginta
890 729 1119 789 talenta
1144 727 1207 787 in
1238 727 1518 803 singulos
1545 741 1744 787 annos
1775 740 1890 803 per
1919 741 2120 788 annos
2152 732 2316 788 octo.

588 813 857 874 XXXVI.
901 812 1070 872 Haec
1101 810 1454 888 conscripta
1484 809 1704 872 castris
1735 810 1995 886 propius
2023 809 2248 870 urbem
2269 825 2382 870 mo·

418 902 497 962 tis
524 897 1053 960 Lacedaemonem
1090 895 1434 970 mittuntur,
1477 910 1593 955 nec
1635 909 1786 954 sane
1815 894 2152 971 quicquam
2183 910 2383 955 eorum

422 984 572 1047 satis
607 981 889 1058 placebat
917 986 1179 1060 tyranno
1198 1025 1215 1055 ,
1259 979 1379 1040 nisi
1411 979 1580 1054 quod
1608 983 1855 1053 praeter
1883 993 2062 1054 spem
2090 979 2380 1040 reducen-

422 1070 639 1129 dorum
682 1065 965 1126 exsulum
1006 1063 1234 1124 mentio
1282 1065 1452 1124 nulla
1491 1064 1652 1124 sacta
1681 1067 1829 1123 erat.
1893 1063 2164 1122 maxime
2191 1069 2382 1124 autem

428 1149 694 1212 omnium
738 1163 813 1208 ea
854 1164 955 1208 res
989 1147 1370 1222 offendebat,
1418 1147 1588 1222 quod
1631 1152 1693 1207 et
1731 1162 1926 1207 naves
1969 1153 2032 1208 et
2057 1147 2384 1208 maritimae

422 1235 697 1296 civitates
740 1233 1065 1307 ademptae
1106 1237 1300 1292 erant.
1365 1232 1562 1292 fuerat
1591 1237 1795 1292 autem
1823 1230 1881 1290 ei
1909 1246 2136 1306 magno
2167 1230 2380 1292 fructui

421 1333 607 1391 mare,
640 1331 881 1378 omnem
912 1331 1082 1377 oram
1108 1315 1347 1376 Maleae
1376 1316 1784 1392 praedatoriis
1815 1315 2077 1377 navibus
2107 1315 2380 1376 infestam

419 1403 686 1465 habenti.
750 1401 1123 1462 iuventutem
1164 1407 1486 1476 praeterea
1525 1399 1855 1461 civitatium
1891 1414 2104 1460 earum
2133 1399 2220 1460 ad
2247 1415 2379 1473 sup-

424 1489 791 1565 plementum
842 1488 1026 1561 longe
1076 1485 1290 1560 optimi
1336 1485 1580 1560 generis
1631 1485 1884 1546 militum
1927 1483 2218 1545 habebat.
2279 1483 2378 1542 has

424 1570 823 1632 condiciones
870 1584 1241 1645 quamquam
1283 1569 1422 1645 ipse
1462 1568 1526 1629 in
1555 1574 1799 1630 secreto
1839 1567 2231 1629 volutaverat
2258 1583 2379 1628 cum

424 1653 654 1727 amiciS,
683 1653 868 1726 vulgo
897 1661 1099 1714 tamen
1130 1669 1345 1714 omnes
1375 1655 1537 1713 fama
1567 1652 1860 1727 ferebant,
1891 1652 2068 1712 vanis
2097 1658 2168 1714 ut
2189 1652 2271 1712 ad
2293 1666 2377 1711 ce·

426 1743 615 1798 teram
654 1736 835 1795 fidem
852 1781 867 1807 ,
919 1736 1011 1796 sic
1052 1737 1134 1796 ad
1163 1743 1406 1797 secreta
1433 1736 1698 1811 tegenda
1727 1735 2054 1797 satellitum
2081 1735 2378 1812 regiorum

424 1817 703 1896 ingeniis.
746 1834 871 1880 non
898 1824 1020 1879 tam
1044 1819 1255 1881 ‘omnia
1280 1820 1553 1882 universi
1583 1837 1769 1895 quam
1793 1837 1868 1880 ea
1893 1835 2056 1894 quae
2078 1820 2162 1881 ad
2185 1835 2376 1896 quem-

428 1920 549 1981 que
580 1903 952 1979 pertinerent
980 1903 1201 1979 singuli
1232 1903 1588 1979 carpebant.
1647 1903 1750 1979 qui
1780 1905 2064 1964 exsulum
2093 1904 2379 1979 coniuges

427 1990 485 2049 in
518 1988 901 2049 matrimonio
944 1987 1253 2048 habebant
1290 1994 1394 2048 aut
1421 2002 1501 2047 ex
1528 1988 1708 2049 bonis
1741 2004 1953 2049 eorum
1983 1988 2222 2064 aliquid
2250 2004 2380 2065 pos·

428 2074 733 2144 sederant,
763 2077 1074 2147 tamquam
1104 2072 1390 2133 amissuri
1419 2086 1539 2133 non
1573 2072 1869 2133 reddituri
1899 2072 2378 2147 indignabantur.

426 2158 626 2221 servis
656 2156 926 2217 liberatis
962 2172 1002 2216 a
1030 2160 1295 2233 tyranno
1327 2172 1450 2216 non
1483 2154 1655 2217 irrita
1679 2158 1866 2218 modo
1899 2158 2102 2217 futura
2127 2157 2378 2229 libertas,

428 2242 543 2304 sed
569 2242 757 2301 multo
794 2241 1035 2302 foedior
1066 2258 1249 2316 quam
1279 2239 1500 2300 fuisset
1527 2246 1666 2301 ante
1696 2242 1962 2302 servitus
1989 2241 2378 2303 redeuntibus

426 2327 487 2389 in
517 2326 807 2387 iratorum
852 2326 1235 2387 dominorum
1274 2329 1640 2405 potestatem
1681 2331 1820 2385 ante
1851 2324 2072 2386 oculos
2101 2324 2378 2387 obversa·

428 2409 621 2470 batur.
666 2409 1068 2470 mercennarii
1095 2410 1316 2469 milites
1343 2415 1405 2470 et
1425 2409 1622 2483 pretia
1641 2409 1885 2469 militiae
1911 2424 2138 2471 casura
2159 2409 2221 2470 in
2244 2422 2380 2485 pace

429 2508 612 2567 aegre
653 2493 960 2566 ferebant,
1004 2499 1066 2551 et
1102 2493 1364 2553 reditum
1405 2492 1522 2552 sibi
1566 2494 1795 2555 nullum
1836 2509 1980 2554 esse
2022 2494 2085 2553 in
2117 2494 2375 2555 civitates

430 2575 749 2648 videbant,
794 2576 1069 2637 infensas
1112 2593 1235 2637 non
1280 2576 1558 2654 tyrannis
1585 2578 1783 2653 magis
1816 2594 2001 2654 quam
2031 2578 2373 2639 satellitibus

428 2674 660 2720 eorum.
714 2658 1012 2720 XXXVII.
1052 2660 1207 2721 haec
1235 2661 1392 2720 inter
1421 2676 1492 2721 se
1522 2661 1717 2736 primo
1748 2661 1809 2721 in
1839 2662 2087 2723 circulis
2119 2668 2375 2723 serentes

428 2742 718 2813 fremere,
750 2743 975 2803 deinde
998 2742 1202 2805 subito
1226 2744 1306 2804 ad
1327 2759 1498 2805 arma
1519 2744 1953 2807 discurrerunt.
1989 2762 2114 2821 quo
2139 2746 2376 2807 tumultu

430 2841 568 2886 cum
594 2840 705 2900 per
728 2841 799 2886 se
822 2828 973 2888 satis
997 2826 1287 2889 irritatam
1309 2829 1750 2891 multitudinem
1775 2837 2051 2891 cerneret
2075 2836 2372 2908 tyrannuS,

430 2910 778 2973 contionem
808 2912 1101 2972 advocari
1129 2912 1328 2973 iussit.
1371 2913 1478 2973 ubi
1509 2930 1647 2975 cum
1669 2929 1744 2973 ea
1767 2929 1928 2989 quae
1949 2914 2374 2989 imperarentur

427 2996 507 3057 ab
546 2995 850 3073 Romanis,
894 2996 1324 3071 exposuisset,
1379 3002 1441 3057 et
1480 2996 1767 3072 graviora
1813 3004 2005 3073 atque,
2048 2996 2374 3074 indigniora

430 3080 735 3157 quaedam
764 3077 920 3142 salso
951 3079 1346 3154 adfluxisset,
1384 3088 1446 3141 et
1472 3082 1554 3142 ad
1583 3082 1824 3158 singula
1851 3098 2013 3144 nunc
2043 3080 2124 3143 ab
2151 3081 2372 3143 univer-

428 3165 516 3225 sis
559 3179 720 3226 nunc
751 3181 788 3225 a
818 3164 1091 3241 partibus
1136 3165 1442 3226 contionis
1472 3168 1935 3241 acclamaretur,
1974 3164 2372 3241 interrogavit,

431 3247 580 3323 quid
621 3265 692 3310 se
720 3249 1107 3324 respondere
1136 3249 1217 3309 ad
1246 3264 1323 3309 ea
1349 3256 1457 3310 aut
1485 3250 1635 3326 quid
1664 3250 1868 3330 facere
1899 3252 2143 3312 vellent.
2195 3262 2372 3325 prope

430 3346 553 3390 una
581 3346 737 3392 voce
760 3347 973 3392 omnes
1000 3332 1147 3392 nihil
1170 3333 1552 3408 respondere
1574 3339 1637 3393 et
1656 3334 1881 3395 bellum
1902 3334 2034 3409 geri
2057 3333 2372 3395 iusserunt.

432 3418 495 3471 et
523 3429 634 3486 pro
666 3428 735 3473 se
766 3416 1051 3489 quisque,
1085 3417 1292 3489 qualia
1318 3417 1636 3478 multitudo
1659 3418 1833 3491 solet,
1866 3418 2096 3479 bonum
2125 3415 2374 3477 animum

433 3493 660 3553 habere
690 3502 750 3554 et
776 3495 935 3555 bene
964 3512 1219 3572 sperare
1245 3499 1544 3577 iubenteS,
1575 3501 1746 3562 fortis
1777 3502 2080 3563 fortunam
2101 3500 2374 3562 adiuvare
