2548 3950
577 214 808 277 L1BER
834 216 1128 277 xxxvn.
1174 218 1563 285 cAP.16.17.
1603 224 1763 299 [ac.
1790 225 1913 303 190]
2083 226 2209 292 275

245 372 390 432 riter
417 368 715 445 oppidani
744 370 1086 445 adsumptis
1118 371 1305 445 regiis
1333 372 1653 446 militibuS‚
1688 392 1849 451 quos
1878 376 1938 437 in
1972 380 2205 453 praesi-

241 456 348 515 dio
369 452 694 527 habebant,
721 459 1034 527 ceperunt.
1065 454 1369 515 adversus
1395 473 1553 531 quos
1576 456 1806 534 Livius,
1833 478 2205 537 quamquam

240 544 417 599 erant
442 536 654 611 iniqua
679 550 752 595 ac
774 536 1046 597 difficilia
1065 538 1146 597 ad
1175 539 1379 599 exitus
1409 540 1564 614 loca,
1596 542 1845 604 Issaeos
1874 546 2204 620 auxiliares

241 631 301 683 et
329 621 813 699 Smyrnaeorum
844 620 1169 695 expeditos
1203 621 1461 683 iuvenes
1490 624 1670 685 misit.
1717 626 1798 700 hi,
1830 628 1975 687 dum
2003 630 2205 690 missi·

239 706 400 767 libus
451 704 649 780 primo
701 709 764 764 et
803 702 1106 763 adversus
1153 720 1394 780 paucos
1444 708 1683 769 levibus
1732 710 2203 773 excursionibus

237 788 662 851 lacessebatur
687 786 886 863 magis
920 802 1104 863 quam
1133 789 1576 852 conserebatur
1602 806 1844 869 pugna,
1893 797 2203 857 sustinue-

236 880 380 934 runt
427 879 762 933 certamem
820 878 1148 947 postquam
1195 874 1406 948 plures
1448 876 1527 935 ab
1569 876 1721 937 urbe
1763 877 2118 939 adnuebant
2145 887 2208 941 et

236 959 360 1017 iam
389 958 585 1017 omnis
613 955 930 1017 multitudo
962 954 1418 1028 effundebatur,
1460 959 1641 1021 timor
1668 961 1922 1022 incessit
1946 962 2204 1037 Livium,

235 1057 318 1101 ne
336 1049 396 1102 et
416 1040 744 1101 auxiliares
770 1039 1349 1101 circumvenirentur
1371 1048 1433 1101 et
1452 1044 1709 1103 navibus
1734 1045 1915 1105 etiam
1942 1044 2017 1105 ab
2044 1052 2206 1106 terra

237 1126 576 1200 periculum
605 1130 790 1184 esset.
863 1124 943 1184 ita
970 1138 1093 1184 non
1121 1124 1346 1185 milites
1374 1128 1574 1187 solum
1602 1127 1719 1187 sed
1749 1128 1930 1188 etiam
1963 1130 2203 1190 navalis

235 1208 469 1278 socio&
501 1208 798 1281 remigum
824 1207 1081 1279 turbam,
1115 1209 1339 1282 quibus
1370 1212 1633 1287 quisque
1664 1218 1903 1286 poterat
1920 1214 2076 1289 teliS‚
2106 1230 2201 1273 ar.-

233 1299 436 1353 matos
466 1292 525 1351 in
555 1292 855 1367 proelium
886 1291 1115 1352 eduxit.
1162 1300 1288 1353 tum
1317 1308 1567 1368 quoque
1588 1310 1821 1369 anceps
1846 1310 2055 1369 pugna-
2075 1298 2201 1371 suit,

233 1390 443 1452 neque
471 1376 690 1437 milites
719 1376 919 1436 solum
949 1376 1209 1450 aliquot,
1242 1377 1356 1435 sed
1382 1376 1449 1435 L.
1478 1378 1782 1451 Apustius
1812 1381 2201 1439 tumultuario

236 1460 474 1537 proelio
505 1458 740 1520 cecidit.
787 1464 1101 1534 postremo
1131 1465 1330 1518 tamen
1362 1459 1483 1519 fusi
1508 1460 1821 1535 fugatique
1844 1469 1989 1521 sunt
2006 1462 2200 1539 Lycii,

235 1552 424 1621 atque
452 1544 514 1604 in
542 1543 756 1603 urbem
786 1543 1123 1617 compulsi;
1167 1550 1229 1603 et
1246 1543 1506 1603 Romani
1537 1558 1673 1603 cum
1696 1542 1862 1605 haud
1882 1545 2202 1605 incruenta

232 1628 494 1690 victoria
521 1628 598 1687 ad
626 1642 818 1687 naves
844 1625 1174 1686 redierunt.
1222 1626 1363 1686 inde
1393 1628 1451 1686 in
1474 1627 1911 1689 Telmessicum
1940 1630 2201 1704 profecti

235 1715 470 1785 sinum,
519 1711 621 1787 qui
671 1712 859 1770 latere
903 1726 1026 1770 uno
1072 1708 1307 1770 Cariam
1352 1710 1541 1771 altero
1585 1712 1836 1790 Lyciam
1890 1713 2199 1787 contingit,

236 1797 472 1857 omisso
499 1794 717 1855 Patara
764 1793 1024 1867 amplius
1065 1794 1401 1869 temptandi
1428 1794 1652 1855 Rhodii
1684 1796 1932 1857 domum
1962 1796 2201 1857 dimissi

236 1887 411 1953 sunt,
445 1877 652 1938 Livius
683 1883 1139 1953 praetervectus
1167 1878 1381 1939 Asiam
1410 1879 1469 1937 in
1504 1879 1819 1940 Graeciam
1846 1880 2199 1953 transmisit,

235 1972 302 2027 ut
331 1964 650 2024 conventis
681 1960 1092 2038 Scipionibus,
1125 1962 1229 2038 qui
1255 1970 1383 2022 tum
1414 1962 1577 2022 circa
1600 1963 1976 2024 Thessaliam
2010 1971 2199 2038 erant,

235 2049 298 2107 in
325 2047 558 2107 ltaliam
585 2046 884 2106 traiceret.

331 2126 832 2192 XVILAemilius
851 2139 1180 2207 postquam
1199 2131 1465 2192 omissas
1484 2131 1544 2192 in
1557 2131 1750 2207 Lycia
1761 2151 1865 2194 res
1882 2140 1947 2194 et
1955 2127 2194 2191 Livium

237 2215 582 2290 profectum
608 2211 670 2273 in
699 2213 934 2275 ltaliam
958 2213 1265 2290 cognovit,
1281 2231 1419 2276 cum
1441 2214 1580 2292 ipse
1598 2216 1677 2276 ab
1688 2217 1941 2292 Epheso
1960 2223 2194 2288 tempe-

237 2303 400 2358 state
409 2299 698 2374 repulsus
713 2296 882 2360 irrito
897 2296 1146 2374 incepto
1161 2299 1413 2360 Samum
1430 2297 1806 2374 revertisset,
1826 2305 2007 2374 turpe
2022 2303 2194 2356 ratus

233 2384 526 2453 temptata
565 2377 790 2436 frustra
816 2376 1033 2436 Patara
1071 2391 1244 2449 esse,
1291 2375 1603 2451 proficisci
1649 2391 1723 2437 eo
1750 2383 1877 2439 tota
1906 2377 2108 2437 classe
2139 2385 2200 2438 et

234 2475 475 2521 summa
501 2461 563 2520 vi
591 2459 842 2536 adgredi
862 2459 1078 2520 urbem
1098 2460 1323 2522 statuit.
1364 2459 1637 2520 Miletum
1660 2468 1720 2521 et
1738 2466 2001 2520 ceteram
2025 2477 2198 2522 oram

233 2545 546 2606 sociorum
591 2543 995 2620 praetervecti
1036 2544 1095 2602 in
1135 2543 1548 2622 Bargylietico
1592 2543 1729 2602 sinu
1772 2544 2199 2605 escensionem

233 2629 318 2688 ad
355 2629 560 2690 Iasum
609 2630 902 2688 fecerunt.
973 2626 1188 2687 urbem
1228 2627 1465 2701 regium
1505 2627 1752 2688 tenebat
1791 2627 2197 2702 praesidium3

232 2727 450 2786 agrum
501 2711 666 2772 circa
704 2709 963 2772 Romani
1009 2711 1311 2772 hostiliter
1358 2710 1716 2787 depopulati
1758 2718 1918 2772 sunt.
1990 2711 2197 2772 missis

233 2795 461 2856 deinde
490 2795 596 2870 qui
623 2809 736 2871 per
763 2793 1072 2870 collo-quia
1097 2794 1443 2870 principum
1472 2801 1535 2855 et
1559 2795 2023 2870 magistratuum
2048 2800 2198 2855 tem·

235 2884 479 2954 ptarent
517 2877 788 2953 animOS‚
836 2886 1166 2954 postquam
1194 2878 1342 2938 nihil
1371 2879 1433 2938 in
1468 2885 1769 2954 potestate
1800 2895 1915 2939 sua
1941 2894 2200 2954 respon-

233 2963 459 3022 derunt
485 2977 649 3036 esse,
679 2964 759 3022 ad
783 2963 1000 3022 urbem
1029 2963 1509 3038 oppugnandam
1538 2963 1722 3022 ducit.
1792 2969 1965 3023 erant
1991 2963 2197 3020 Iasen-

232 3045 395 3106 sium
435 3047 684 3107 exsules
730 3061 867 3107 cum
893 3047 1217 3106 Romanis=
1261 3045 1305 3103 ii
1332 3045 1685 3120 frequentes
1713 3043 1993 3104 Rhodios
2022 3057 2201 3103 orare

229 3130 616 3203 institerunt,
653 3145 732 3189 ne
759 3129 973 3190 urbem
1013 3135 1075 3187 et
1109 3129 1371 3188 vicinam
1414 3127 1530 3188 sibi
1573 3135 1634 3187 et
1674 3133 1996 3201 cognatam
2026 3125 2198 3185 inno-

224 3214 400 3274 xiam
455 3215 656 3289 perire
695 3213 983 3273 sinerent.
1058 3211 1174 3271 sibi
1215 3209 1417 3270 exsilii
1459 3211 1687 3270 nullam
1726 3209 1910 3268 aliam
1952 3223 2202 3269 causam

227 3311 382 3360 esse
412 3313 596 3374 quam
623 3296 810 3357 fidem
837 3311 986 3371 erga
1012 3295 1347 3356 Romanos.
1408 3293 1625 3352 eadem
1650 3292 1713 3351 vi
1738 3293 2046 3366 regiorum
2079 3307 2202 3366 qua

225 3381 358 3457 ipsi
391 3380 552 3456 pulsi
581 3381 730 3454 sint,
758 3380 952 3440 teneri
981 3395 1123 3453 eos,
1157 3379 1262 3455 qui
1292 3379 1351 3437 in
1380 3377 1535 3437 urbe
1560 3384 1865 3436 maneant.
1934 3375 2205 3436 omnium

226 3463 581 3526 Iasensium
608 3479 794 3525 unam
821 3472 1082 3526 mentem
1113 3479 1285 3538 esse,
1316 3470 1381 3522 ut
1410 3460 2019 3592 servitutergri*regiam
2050 3457 2205 3518 effu-
