2548 3950
402 217 487 285 96
681 219 912 280 mssa
928 217 1193 279 xxxm.
1240 216 1405 277 cAP.
1433 225 1518 277 ιε.
1546 223 1628 278 ιε.
1659 215 1734 293 [a.
1756 218 1828 273 υ.
1851 235 1902 273 0.
1927 219 2052 288 sss]

402 374 693 436 victoriae
714 387 887 448 spem
909 372 1212 432 fecerunt=
1255 375 1569 443 postremo
1594 367 1740 441 fuga
1761 372 2104 427 ceterorum
2122 369 2352 444 nudati,

404 471 543 518 cum
586 457 749 516 duae
785 456 906 516 ium
943 453 1113 515 acies
1135 451 1408 514 hostium
1433 465 1513 510 ex
1540 449 1788 512 diverso
1802 491 1817 521 ,
1861 450 2016 510 levis
2045 459 2352 513 armatura

401 541 481 601 ab
518 541 738 612 latere,
781 537 1023 614 clipeati
1064 533 1438 610 naeu-atique
1466 551 1506 594 a
1533 535 1733 595 fronte
1771 543 2093 608 urgerent,
2130 542 2206 595 et·
2233 535 2352 610 ipsi

399 639 471 684 re
497 623 783 684 inclinata
823 623 1018 697 primo
1046 621 1334 680 rettulere
1363 617 1584 694 pedem
1597 661 1614 692 ,
1653 616 1879 678 deinde
1905 616 2156 692 impulsi
2183 625 2353 695 terga

396 714 668 780 vertunt,
712 715 777 768 et
799 704 1077 781 pterique
1119 702 1372 762 abiectis
1415 702 1632 775 amfiS,
1671 701 1842 762 nulla
1865 715 1980 775 spe
2009 707 2350 764 castrorum

398 789 797 854 tenendorum
828 789 1055 862 relicta,
1088 785 1436 848 Corinthum
1463 785 1782 860 petierunt.
1847 783 2170 846 Niceratus
2196 803 2352 848 mer—

398 874 707 934 cennariis
732 871 1029 932 militibus
1050 871 1129 931 ad
1156 869 1276 930 hos·
1302 868 1771 944 persequendos
1787 913 1802 937 ,
1834 867 2142 943 equitibus
2169 871 2352 930 Thra-

400 971 671 1034 cumque
702 956 953 1018 auxiliis·
986 955 1046 1014 in
1088 953 1488 1030 populatores
1519 951 1650 1027 agri
1681 949 1955 1028 Sicyonii
1984 951 2203 1014 missis
2227 971 2350 1014 ma·

396 1055 578 1115 gnam
609 1039 695 1102 ibi
722 1053 971 1116 quoque
1002 1038 1252 1097 caedem
1280 1035 1496 1109 edidit,-
1526 1035 1820 1097 maiorem
1847 1051 2050 1119 prope
2078 1053 2264 1111 quam
2293 1039 2348 1097 in

393 1124 633 1198 proelio
663 1125 821 1198 ipso.
877 1138 963 1181 ex.
982 1119 1058 1181 iis
1090 1135 1352 1196 quoque·
1369 1120 1472 1193 qui
1499 1118 1783 1180 Pellenen
1812 1119 2217 1195 Phliuntaque
2247 1122 2348 1182 de-

394 1205 674 1283 populati
717 1211 923 1279 erant,
958 1203 1348 1278 incompositi
1376 1203 1594 1277 partim
1624 1205 2017 1280 omniumque
2045 1204 2245 1279 ignari
2276 1206 2346 1265 ad

396 1299 600 1352 castra
624 1293 1022 1360 revertentes,
1054 1288 1116 1348 in
1145 1287 1415 1348 hostium
1445 1287 1741 1347 stationes
1768 1295 2080 1363 tamquam
2109 1288 2172 1348 in
2203 1302 2349 1348 sua„

392 1375 541 1434 illati
570 1382 734 1442 sunt;
778 1373 999 1450 partim
1027 1387 1109 1431 ex
1136 1372 1425 1431 discursu
1450 1371 1514 1430 id
1543 1372 1713 1446 quod
1746 1378 1878 1432 erat
1902 1372 2232 1446 suspicati,
2271 1372 2352 1432 ita

394 1473 467 1517 se
493 1459 790 1532 infugam
820 1455 1051 1532 passim
1080 1462 1464 1532 sparserant,
1496 1460 1566 1514 ut
1591 1455 1669 1515 ab
1698 1454 1854 1529 ipsis
1881 1455 2229 1530 agrestibus
2259 1470 2346 1517 er·

388 1547 599 1600 rantes
631 1538 1224 1600 circumvenirentur.
1280 1538 1632 1598 ceciderunt
1657 1549 1738 1600 e‘o
1765 1538 1865 1600 die
1891 1539 2056 1598 mille
2084 1547 2148 1599 et
2176 1539 2348 1616 quin-

391 1623 576 1698 genti,
609 1623 775 1697 capti
798 1622 1069 1682 trecenti.
1110 1621 1352 1684 Achaia
1378 1622 1826 1697 omnis-magna
1851 1622 2316 1684 liberata—metu.

558 1705 719 1766 XVI.
774 1704 1137 1779 Priusquam
1178 1706 1566 1766 dimicaretur
1607 1707 1688 1766 ad
1716 1703 2258 1785 Cynoscephalas,
2282 1707 2348 1766 L.

392 1787 705 1863 Quinctius
738 1788 1066 1866 Corcyram
1094 1787 1312 1849 excitis
1339 1791 1738 1850 Acarnanum.
1758 1789 2168 1866 principibuS,-
2189 1807 2350 1866 quae

393 1874 528 1934 sola
556 1871 849 1932 Graeciae
876 1873 1143 1947 &entium
1170 1872 1233 1930 in
1264 1872 1568 1933 socictate·
1584 1872 1990 1934 Macedonum
2017 1883 2345 1948 manserat,

390 1956 623 2017 ‚uitium
676 1955 986 2031 quoddam
1039 1954 1125 2015 ibi
1163 1961 1368 2017 motus
1409 1956 1572 2018 fecit.
1643 1958 1802 2019 duae
1845 1962 2056 2019 autem·
2083 1958 2350 2019 maxime

391 2054 619 2101 causae
660 2056 781 2101 eos·
810 2046 1127 2102 tenuerant
1165 2040 1225 2099 in
1270 2041 1532 2102 auuoitia
1569 2041 1766 2117 regis,
1805 2059 1936 2103 una·
1968 2042 2132 2103 fides
2167 2042 2348 2104 insita

386 2125 571 2199 genti,
600 2126 1017 2185 alterametus
1047 2124 1382 2199 odiumque
1405 2124 1778 2187 Aetolorum.
1832 2125 2160 2187 concilium
2186 2126 2342 2187 Leu-

384 2208 611 2269 cadem
632 2208 923 2271 indictum
951 2215 1065 2269 est,
1130 2223 1215 2268 eo·
1236 2223 1440 2285 aeque
1467 2210 1669 2270 cuncti
1699 2224 2044 2271 convenere
2071 2212 2345 2271 Acarna-

387 2309 532 2353 num
560 2294 793 2369 populi,
823 2307 939 2353 nec
966 2293 1041 2353 iis
1074 2294 1177 2369 qui
1208 2299 1621 2353 convenerant
1647 2291 1810 2353 idem
1837 2294 2082 2369 placuitt
2142 2294 2266 2354 sed
2287 2302 2347 2356 et

382 2378 699 2451 principes
741 2386 805 2438 et
828 2378 1218 2452 magistratus
1246 2377 1662 2451 pervicerunt,
1704 2385 1775 2438 ut
1797 2377 2099 2453 privatum
2129 2378 2342 2438 decre-

382 2466 511 2517 tum
549 2460 865 2520 Romanae
902 2460 1212 2521 societatis
1254 2460 1446 2520 fieret.
1515 2461 1582 2521 id-
1619 2474 1832 2522 omnes
1875 2461 1980 2536 qui
2022 2460 2346 2523 abfuerant

382 2554 569 2613 aegre
614 2543 821 2615 passi3
878 2550 953 2603 et,
978 2543 1040 2601 in
1080 2542 1201 2603 hoc
1242 2544 1484 2604 fremitu
1522 2544 1720 2618 gentis
1763 2562 1802 2605 a
1837 2544 2130 2621 Philippo·
2167 2546 2343 2607 missi

382 2622 506 2683 duo
553 2624 867 2698 principes
894 2627 1284 2685 Acarnanum
1309 2628 1656 2689 Androcles
1697 2635 1758 2690 et
1782 2625 2174 2691 Echedemus
2214 2648 2342 2691 non

382 2706 463 2765 ad
507 2706 845 2767 tollendum
882 2710 1067 2769 modo
1112 2710 1425 2769 decretum
1450 2712 1763 2773 Romanae
1791 2711 2104 2773 societatis
2129 2716 2341 2775 value-

378 2796 547 2862 tunt,
592 2790 710 2850 sed.
746 2791 939 2850 etiam-
967 2799 1043 2852 ut:
1058 2792 1401 2853 Archelaus
1443 2802 1504 2854 et
1529 2794 1757 2857 Bianor
1795 2796 2108 2871 principes
2138 2797 2342 2871 gentis

378 2872 582 2946 ambo,
612 2874 779 2947 quod
816 2881 1099 2937 auctores
1130 2875 1273 2937 eius·
1296 2879 1636 2940 sententiae
1657 2878 1936 2953 fuissent,
1968 2880 2338 2954 proditionis

374 2972 437 3015 m
470 2957 1204 3033 conciliodamnarenmr,
1236 2967 1301 3021 et
1313 2961 1628 3023 Zeuxidae
1649 2963 1948 3039 praetori,
1970 2963 2138 3039 quod
2161 2964 2242 3023 de
2265 2980 2342 3025 ea

372 3056 445 3100 re
465 3041 814 3115 rettulisset,
828 3042 1165 3117 ‚imperium
1188 3044 1605 3119 abrogaretur.
1645 3043 1776 3107 rem
1799 3046 2200 3121 temerariam,
2225 3048 2339 3109 sed

373 3131 599 3185 eventu
625 3140 987 3201 prosperum
1010 3127 1282 3189 damnati
1307 3130 1600 3191 fecerunt.
1645 3131 2045 3193 suadentibus
2067 3147 2340 3207 namque

372 3209 616 3280 amicis,
661 3210 953 3270 cederent
985 3212 1245 3286 tempori
1287 3219 1348 3271 et
1379 3212 1704 3291 Corcyram
1750 3215 1829 3275 ad
1857 3216 2178 3277 Romanos
2210 3216 2338 3275 abi-

369 3295 522 3381 rent,
555 3294 1141 3354 statuerunt=offerre
1163 3310 1235 3355 se
1257 3296 1637 3370 multitudini,
1671 3305 1731 3359 et
1753 3305 1858 3358 aut
1877 3314 1954 3359 eo
1975 3300 2118 3375 ipso
2143 3298 2337 3359 lenire

371 3384 495 3463 11:219
537 3378 643 3430 aut
681 3375 809 3446 pati
843 3378 1015 3448 quod
1041 3392 1225 3439 casus
1258 3378 1519 3440 tulisset.
1585 3396 1721 3441 cum
1751 3396 1824 3441 se
1851 3382 2328 3457 frequenti-con-

372 3450 516 3508 ethor
542 3452 913 3528 intulissent,
956 3458 1153 3532 primo
1181 3474 1452 3521 murmur
1479 3479 1552 3523 ac
1583 3462 1857 3525 fremitus
1885 3465 2327 3528 admirantium
