2548 3950
479 200 490 204 ’
602 234 832 295 LIBER
859 236 1126 296 xxxlv.
1173 237 1339 297 cAP.
1370 247 1457 302 28.
1480 246 1567 301 29.
1615 246 1688 312 [a.
1713 245 1778 298 c.
1803 246 1928 313 195]
2128 239 2249 303 149

275 390 525 462 derunt,
569 393 631 448 et
669 388 992 464 dispersos
1032 388 1269 464 passim
1307 390 1453 465 fuga
1482 391 1819 466 plerosque
1846 392 2033 452 armis
2061 409 2245 454 exue-

269 481 430 534 runt.
488 471 804 546 Quinctius
846 487 1048 548 prope
1073 473 1371 550 Amyclas
1402 475 1609 548 posuit
1638 483 1859 536 castra.
1912 477 2078 537 unde
2109 493 2247 537 cum

273 555 722 632 perpopulatus
752 557 955 618 omnia
981 555 1371 617 circumiecta
1396 558 1533 618 urbi
1563 558 1901 635 frequentis
1925 565 1985 620 et
2006 560 2247 621 amoeni

272 641 406 716 agri
435 641 575 700 loca
604 645 800 715 esset,
832 641 996 705 nullo
1027 639 1148 701 iam
1176 639 1449 702 hostium
1478 649 1718 718 portam
1748 644 2088 705 excedente
2116 660 2246 705 mo-

269 725 362 784 vit
391 731 595 786 castra
623 725 704 784 ad
731 723 988 786 fluvium
1013 724 1325 785 Eurotam.
1380 725 1525 786 inde
1551 725 1773 788 vallem
1799 728 2071 804 Taygeto
2102 729 2243 788 sub-

271 809 496 870 iectam
524 823 837 884 agrosque
867 809 949 870 ad
973 823 1143 869 mare
1171 809 1533 884 pertinentis
1548 817 1819 872 evastat.

442 891 653 955 XXIX.
708 892 946 953 Eodem
986 893 1116 954 fere
1154 898 1437 970 tempore
1462 893 1530 953 L.
1563 893 1878 968 Quinctius
1912 894 2249 956 maritimae

274 992 426 1039 orae
467 977 700 1052 oppida
740 977 962 1052 partim
994 976 1308 1038 voluntate
1338 976 1556 1052 partim
1582 984 1750 1039 metu
1776 985 1881 1038 aut
1908 979 1967 1038 vi
1994 978 2246 1053 recepit.

265 1060 503 1122 certior
542 1060 769 1120 deinde
809 1063 1007 1122 factus
1039 1059 1332 1139 Gythium
1375 1061 1676 1137 oppidum
1716 1062 1983 1124 omnium
2022 1060 2227 1122 mariti.

273 1161 513 1206 marum
540 1160 743 1205 rerum
762 1143 1270 1206 Lacedaemoniis
1294 1148 1747 1221 receptaculum
1765 1161 1934 1221 esse,
1965 1160 2081 1206 nec
2102 1161 2247 1223 pro-

275 1231 379 1290 cul
429 1244 468 1290 a
505 1229 658 1290 mari
709 1235 911 1289 castra
957 1229 1239 1290 Romana
1288 1229 1541 1306 abesse,
1597 1229 1881 1292 omnibus
1932 1229 1998 1289 id
2050 1229 2247 1305 copiis

271 1313 531 1388 adgredi
562 1313 890 1376 constituit.
950 1318 1081 1373 erat
1106 1329 1182 1374 eo
1211 1320 1489 1390 tempore
1516 1315 1722 1374 valida
1747 1315 1917 1387 urbe,
1959 1318 2020 1373 et
2048 1313 2248 1374 multi·

274 1396 488 1458 tudine
525 1396 751 1458 civium
790 1396 1251 1473 incolarumque
1292 1403 1355 1458 et
1385 1398 1548 1456 omni
1576 1397 1796 1457 bellico
1829 1402 2131 1471 apparatu
2160 1396 2248 1454 in-

275 1485 527 1543 structa.
595 1481 658 1541 in
700 1486 978 1556 tempore
1009 1480 1290 1555 Quinctio
1309 1526 1324 1555 ,
1367 1496 1497 1540 rem
1539 1479 1707 1540 haud
1748 1480 1989 1541 facilem
2030 1478 2249 1554 adgre-

277 1564 485 1638 dienti,
514 1579 630 1625 rex
651 1565 960 1625 Eumenes
991 1571 1052 1626 et
1081 1563 1303 1625 classis
1325 1563 1706 1626 Rhodiorum
1738 1568 2248 1639 supervenerunt.

274 1649 498 1724 ingens
539 1649 860 1710 multitudo
903 1647 1211 1710 navalium
1249 1647 1593 1724 sociorum,
1638 1663 1673 1708 e
1701 1648 1897 1708 tribus
1937 1653 2250 1707 contracta

277 1732 615 1806 classibus,
653 1731 810 1793 intra
851 1746 1088 1807 paucos
1131 1733 1266 1793 dies
1303 1733 1507 1794 omnia
1536 1747 1697 1809 quae
1726 1733 1807 1793 ad
1837 1730 2247 1807 oppugnatio-

275 1830 420 1876 nem
465 1816 635 1877 urbis
682 1822 848 1876 terra
885 1817 1161 1892 marique
1199 1816 1467 1877 munitae
1508 1815 1795 1877 faciunda
1837 1830 2029 1891 opera
2076 1818 2249 1874 erant

275 1899 498 1961 effecit.
541 1898 662 1960 iam
687 1898 1101 1961 testudinibus
1131 1899 1405 1961 admotis>
1426 1915 1637 1961 murus
1668 1897 2094 1973 subruebatur,
2124 1897 2248 1958 iam

275 1984 570 2045 arietibus
614 1984 1013 2059 quatiebatur.
1080 1984 1289 2060 itaque
1330 2000 1454 2045 una
1494 1983 1727 2045 crebris
1768 1983 1994 2044 ictibus
2030 1996 2250 2043 eversa

276 2075 376 2129 est
401 2068 603 2143 turris,
637 2068 932 2145 quodque
962 2067 1126 2127 circa
1154 2069 1310 2128 muri
1340 2074 1471 2128 erat
1498 2083 1650 2129 casu
1678 2068 1811 2129 eius
1843 2072 2247 2143 prostratum

272 2158 343 2213 et
378 2152 639 2213 Romani
681 2151 862 2213 simul
902 2168 940 2211 a
977 2158 1190 2228 portu,
1242 2152 1411 2212 unde
1451 2151 1654 2212 aditus
1698 2151 1937 2226 planior
1976 2156 2135 2226 erat,
2185 2156 2250 2209 ut

277 2236 700 2298 distenderent
720 2235 796 2295 ab
821 2235 1128 2311 apertiore
1149 2236 1289 2296 loco
1312 2233 1527 2309 hostiS,
1543 2234 1723 2295 simul
1744 2248 1858 2309 per
1879 2235 2249 2308 patefactum

274 2320 458 2381 ruina
494 2320 609 2382 iter
643 2320 988 2395 *irrumpere
1031 2325 1349 2380 conantur.
1416 2331 1533 2378 nec
1572 2317 1826 2378 multum
1855 2316 2035 2387 afuit,
2081 2316 2245 2391 quin,

280 2420 409 2479 qua
426 2403 824 2477 intenderant,
851 2407 1270 2479 penetrarent;
1303 2402 1417 2462 sed
1439 2400 1703 2462 tardavit
1722 2400 2014 2476 impetum
2037 2414 2247 2460 eorum

279 2503 430 2563 spes
461 2487 701 2549 obiecta
730 2488 1054 2549 dedendae
1081 2486 1250 2547 urbis
1267 2533 1283 2561 ,
1312 2502 1459 2547 mox
1489 2484 1714 2546 deinde
1742 2484 1958 2545 eadem
1986 2483 2245 2543 turbata.

276 2572 706 2648 Dexagoridas
761 2580 820 2633 et
862 2572 1184 2647 Gorgopas
1237 2571 1369 2646 pari
1417 2568 1677 2646 imperio
1728 2574 2054 2645 praeerant
2092 2566 2247 2628 urbi.

277 2657 708 2731 Dexagoridas
736 2658 988 2717 miserat
1015 2656 1096 2715 ad
1123 2657 1389 2730 legatum
1416 2655 1760 2716 Romanum
1788 2652 2148 2714 traditurum
2178 2665 2249 2711 se

276 2739 516 2801 urbem.
577 2748 638 2801 et
666 2756 806 2801 cum
848 2740 925 2800 ad
957 2755 1093 2799 eam
1121 2755 1251 2799 rem
1279 2746 1525 2815 ternpus
1555 2744 1619 2799 et
1643 2737 1799 2799 ratio
1833 2736 2246 2807 convenisset,

280 2840 321 2883 a
345 2821 638 2899 Gorgopa
671 2824 948 2899 proditor
973 2823 1349 2884 interficitur.
1393 2822 1806 2897 intentiusque
1836 2819 1913 2881 ab
1943 2836 2067 2881 uno
2096 2818 2247 2881 urbs

283 2906 759 2977 defendebatur3
817 2915 876 2967 et
917 2906 1223 2967 difficilior
1263 2908 1428 2968 facta
1466 2905 1849 2982 oppugnatio
1891 2910 2048 2976 erat,
2090 2902 2155 2962 ni
2181 2901 2246 2960 T.

283 2988 600 3064 Quinctius
627 3007 768 3052 cum
789 2996 1073 3067 quattuor
1091 2989 1336 3051 milibus
1362 2990 1736 3052 delectorum
1758 2988 2005 3047 militum
2030 3000 2247 3059 super·

279 3074 575 3135 venisset.
641 3076 696 3135 is
741 3090 880 3136 cum
923 3073 1253 3151 supercilio
1282 3073 1449 3134 haud
1476 3074 1693 3149 procul
1721 3070 2003 3132 distantis
2033 3067 2248 3129 tumuli

282 3157 362 3216 ab
391 3157 544 3218 urbe
582 3158 942 3219 instructam
984 3158 1179 3218 aciem
1206 3156 1613 3229 ostendisset,
1657 3161 1717 3214 et
1744 3170 1825 3214 ex
1853 3154 2045 3215 altera
2073 3156 2248 3227 parte

280 3241 350 3300 L.
381 3241 698 3315 Quinctius
731 3243 807 3303 ab
837 3242 1128 3318 operibus
1160 3241 1292 3301 suis
1320 3245 1483 3300 terra
1510 3238 1787 3313 marique
1814 3238 2084 3310 instaret,
2119 3242 2249 3295 tum

280 3338 433 3386 vero
463 3327 813 3404 desperatio
847 3328 1180 3401 Gorgopan
1204 3337 1455 3400 quoque
1477 3322 1677 3397 coegit
1697 3321 1763 3381 id
1785 3318 2042 3394 consilii,
2076 3317 2248 3394 quod

279 3408 344 3467 in
378 3412 570 3471 altero
598 3417 796 3473 morte
821 3410 1270 3483 vindicaverat,
1304 3420 1563 3483 capere;
1606 3413 1667 3466 et
1693 3411 1932 3482 pactus,
1963 3409 2027 3464 ut
2056 3402 2248 3463 abdu-

282 3506 428 3555 cere
457 3493 602 3555 inde
640 3496 892 3567 milites,
939 3509 1102 3570 quos
1138 3491 1433 3570 praesidii
1463 3506 1651 3552 causa
1675 3488 1973 3567 habebat,
2015 3487 2246 3557 liceret,
