2548 3950
398 209 525 273 278
661 207 889 268 LIBER
920 205 1211 267 XXXVII.
1259 201 1656 263 CAP.19.20.
1703 203 1876 273 [an.
1903 205 2090 270 2562]

397 369 464 422 ut
490 357 625 421 urbi
655 355 962 433 praesidio
991 360 1231 426 essent,
1260 352 1520 412 navibus
1551 349 1944 411 circumvecti
1972 348 2260 412 Aemilius
2287 359 2340 413 et

398 445 704 506 Eumenes
736 447 1048 500 venerunt.

564 525 691 586 XX.
741 522 857 583 Per
897 522 1151 583 eosdem
1180 521 1338 581 forte
1381 517 1513 578 dies
1525 517 1786 579 Elaeam
1819 535 1903 578 ex
1929 516 2168 578 Achaia
2192 518 2344 580 mille

399 609 641 685 pedites
673 623 808 668 cum
836 613 1081 666 centum
1108 603 1448 679 equitibus,
1479 601 1801 676 Diophane
1833 601 2118 664 omnibus
2145 601 2223 662 iis
2251 619 2344 662 co·

398 691 541 768 piis·
551 689 935 767 praeposite,
964 694 1392 754 accesserunt;
1439 700 1600 760 quos
1631 700 1928 760 egressos
1955 685 2220 746 navibus
2248 687 2344 747 ob-

398 777 560 835 viam
588 775 757 834 missi
786 773 865 833 ab
888 775 1091 832 Attalo
1118 779 1304 830 nocte
1331 769 1692 844 Pergamum
1728 768 2138 830 deduxerunt.
2191 780 2344 832 vete-

396 857 528 918 rani
553 863 851 918 omnes·et
872 855 1048 931 periti
1070 855 1213 916 belli
1236 861 1422 927 erant,
1453 851 1674 928 etipse
1697 852 1820 912 dux
1842 852 2345 930 Philopoemenis

398 941 616 1004 summi
656 947 779 1000 tum
821 939 1087 1000 omnium
1121 939 1491 997 Graecorum
1533 935 1951 1011 imperatoris,
1993 937 2344 1014 discipulus.

400 1025 505 1101 qui
544 1025 795 1086 biduum
838 1023 1016 1083 simul
1056 1022 1137 1081 ad
1180 1020 1450 1096 quietem
1487 1021 1797 1080 hominum
1838 1036 2268 1097 equorumque
2295 1031 2346 1081 et

398 1109 477 1168 ad
506 1107 800 1168 visendas
842 1105 1107 1166 hostium
1136 1106 1463 1178 stationeS‚
1509 1105 1732 1179 quibus
1761 1105 1918 1165 locis
1947 1107 2344 1181 temporibus-

400 1208 520 1267 que
549 1191 911 1250 accederent
936 1189 1406 1264 reciperentque
1435 1201 1595 1262 sese‚
1627 1197 2044 1263 sumpserunt.
2091 1190 2174 1250 ad
2201 1190 2345 1249 radi-

398 1291 505 1336 ces
535 1277 663 1335 fere
694 1273 897 1346 collis,
927 1273 987 1332 in
1019 1287 1143 1347 quo
1173 1269 1378 1347 posita
1405 1271 1554 1332 urbs
1584 1281 1708 1348 est,
1737 1273 1889 1348 regii
1919 1273 2344 1334 succedebant.

394 1360 480 1420 ita
524 1359 715 1419 libera
755 1355 831 1416 ab
874 1365 1046 1432 tergo
1090 1356 1411 1432 populatio
1448 1363 1606 1429 erat,
1651 1355 1818 1416 nullo
1849 1357 1928 1415 ab
1957 1357 2144 1429 urbe,
2191 1373 2267 1416 ne
2293 1356 2346 1416 in

398 1443 692 1503 stationes
724 1441 969 1518 quidem
995 1441 1097 1515 qui
1122 1441 1338 1514 procul
1359 1439 1740 1513 iacularetur,
1773 1447 2158 1502 excurrente.
2189 1447 2346 1516 post·

398 1541 583 1601 quam
612 1525 800 1585 semel
830 1524 1132 1599 compulsi
1154 1530 1320 1584 metu
1341 1537 1412 1583 se
1435 1522 1755 1583 moenibus
1781 1523 2181 1595 incluserunt,
2214 1539 2346 1584 con·

394 1616 659 1682 temptus
711 1623 922 1668 eorum
964 1614 1024 1667 et
1068 1598 1221 1668 inde*
1261 1607 1647 1682 neglegentia
1685 1607 1854 1680 apud
1893 1609 2104 1682 regios
2150 1609 2344 1668 oritur.

394 1707 524 1752 non
555 1697 781 1751 stratos
798 1735 812 1763 ,
855 1706 978 1750 non
1010 1690 1346 1752 infrenatos
1375 1705 1598 1765 magna
1627 1705 1772 1764 pars
1799 1689 2110 1753 habebant
2137 1707 2343 1766 equos.

397 1775 619 1852 paucis
663 1774 743 1834 ad
788 1788 957 1833 arma
998 1778 1059 1832 et
1100 1773 1349 1834 ordines
1377 1773 1604 1834 relictis
1634 1773 1860 1849 dilapsi
1891 1776 2080 1836 ceteri
2111 1791 2342 1852 sparse-

391 1864 531 1920 rant
556 1873 629 1918 se
656 1865 784 1922 toto
814 1855 1048 1932 passim
1078 1871 1330 1932 campo,
1361 1873 1507 1933 pars
1535 1858 1594 1916 in
1624 1858 1940 1918 iuvenales
1969 1859 2146 1919 lusus
2177 1859 2341 1918 lasci·

396 1943 682 2020 viamque
712 1941 893 2015 versi,
924 1949 1425 2018 parsvescentes
1458 1941 1574 2003 sub
1597 1941 1829 2014 umbra,
1863 1941 2114 2018 quidam
2136 1957 2339 2005 somno

394 2028 575 2088 etiam
618 2028 804 2087 strati.
877 2024 1033 2085 haec
1058 2024 1416 2100 Diophanes
1443 2040 1522 2103 ex
1552 2028 1674 2087 alta
1699 2026 1854 2087 urbe
1880 2026 2178 2102 Pergamo
2210 2043 2338 2087 con-

392 2112 716 2186 templatus
732 2156 747 2184 ,
790 2124 960 2169 arma
999 2125 1149 2169 suos
1191 2112 1518 2185 capere*‘’et
1545 2110 1623 2169 ad
1667 2117 1904 2185 portam
1933 2118 2183 2185 praesto
2213 2124 2339 2170 esse

392 2196 591 2264 iubet;
634 2194 771 2270 ipse
800 2194 1066 2254 Attalum
1106 2193 1262 2266 adit,
1307 2199 1368 2253 et
1407 2193 1469 2253 in
1513 2193 1713 2254 animo
1744 2192 1864 2254 sibi
1891 2208 2034 2255 esse
2064 2192 2220 2254 dixit
2242 2193 2337 2253 ho-

394 2280 577 2341 stium
618 2276 939 2340 stationem
980 2284 1299 2353 temptare.
1371 2292 1555 2353 aegre
1593 2276 1660 2337 id
1700 2276 2088 2353 permittente
2126 2278 2333 2345 Attalo,

394 2362 627 2438 quippe
670 2362 774 2437 qui
817 2368 1058 2423 centum
1100 2362 1408 2437 equitibus
1440 2362 1740 2423 adversus
1783 2368 2149 2435 sexcentoS‚
2189 2360 2334 2419 mille

392 2444 703 2521 peditibus
761 2461 899 2506 cum
956 2452 1244 2522 quattuor
1297 2446 1542 2507 milibus
1598 2453 2007 2522 pugnaturum
2055 2451 2332 2512 cerneret,

390 2536 571 2604 porta
600 2544 893 2604 egressus
922 2529 1089 2591 haud
1115 2531 1335 2606 procul
1360 2529 1618 2591 statione
1638 2529 1926 2603 hostium,
1957 2530 2334 2591 occasionem

390 2613 743 2687 opperienS,
776 2614 1072 2674 consedit.
1140 2622 1201 2675 et
1230 2614 1335 2689 qui
1363 2612 1642 2689 Pergami
1671 2621 1844 2675 erant
1871 2612 2196 2674 amentiam
2221 2625 2332 2670 ma-

390 2694 487 2767 gis
522 2710 706 2769 quam
747 2696 1066 2755 audaciam
1107 2697 1362 2758 credere
1401 2713 1573 2773 esse,
1615 2704 1677 2758 et
1700 2698 1916 2759 hostes
1944 2695 2258 2771 paulisper
2280 2694 2332 2751 in

389 2793 503 2839 eos
529 2779 724 2851 versi,
755 2785 821 2838 ut
848 2778 995 2839 nihil
1023 2783 1257 2843 moveri
1286 2781 1585 2856 viderunt,
1616 2796 1731 2841 nec
1759 2781 1880 2857 ipsi
1909 2781 2240 2856 quicquam
2265 2792 2332 2836 ex

391 2860 571 2922 solita
610 2861 1021 2939 neglegentia,
1070 2865 1329 2941 insuper
1378 2866 1557 2927 etiam
1599 2866 1919 2925 eludentes
1960 2864 2333 2939 paucitatem,

387 2950 711 3009 mutarunt.
765 2944 1123 3023 Diophanes
1168 2950 1410 3026 quietos
1440 2948 1815 3025 aliquamdiu
1844 2963 2032 3021 suoS,
2076 2949 2243 3008 velut
2265 2942 2331 3003 ad

388 3032 809 3107 spectaculum
836 3032 1021 3094 modo
1046 3034 1326 3108 eductoS,
1358 3032 1684 3094 continuit:
1713 3039 2048 3107 postquam
2070 3030 2334 3105 dilapsos

387 3114 466 3175 ab
497 3113 815 3176 ordinibus
847 3115 1061 3178 hostes
1090 3114 1277 3192 vidit,
1305 3115 1648 3193 peditibus,
1681 3122 1973 3191 quantum
2002 3116 2336 3174 accelerare

386 3205 674 3273 possent,
725 3196 905 3276 sequi
931 3200 1150 3275 iussis»,
1202 3201 1341 3275 ipse
1393 3200 1681 3275 princeps
1731 3201 1886 3259 inter
1924 3197 2167 3272 equites
2211 3208 2334 3256 cum

386 3288 582 3353 turma
621 3297 735 3341 sua
777 3290 1066 3356 quantum
1101 3285 1301 3359 potuit
1328 3281 1719 3344 effusissimis
1747 3281 2040 3352 habenis,
2081 3281 2336 3341 clamore

387 3361 467 3418 ab
494 3362 657 3421 omni
686 3361 866 3423 simul
895 3363 1102 3438 pedite
1131 3373 1318 3439 atque
1344 3365 1551 3441 equite
1579 3365 1841 3437 sublato,
1878 3363 2206 3424 stationem
2231 3359 2332 3420 ho·

386 3440 569 3499 stium
617 3442 952 3516 improviso
995 3444 1245 3508 invadit.
1319 3462 1443 3508 non
1471 3447 1752 3509 homines
1781 3446 2019 3519 solum,
2060 3444 2176 3506 sed
2203 3440 2333 3518 equi
