2548 3950
550 257 781 318 LIBER
807 259 1069 319 XXXIII.
1118 258 1282 319 eAP.
1303 264 1391 322 37.
1415 267 1503 322 38.
1549 267 1620 334 [a.
1646 266 1710 318 C.
1738 269 1860 333 196]
2068 260 2186 326 115

223 419 492 485 locoque
534 409 613 467 ad
659 414 962 468 certamen
1007 409 1340 484 destinato,
1384 412 1763 486 praeparatis
1794 414 2010 474 animis
2042 430 2186 474 con-

221 494 579 554 currissent.
645 491 728 551 ibi
772 498 1061 568 quantam
1103 493 1220 553 vim
1273 494 1354 553 ad
1399 494 1801 556 stimulandos
1833 498 2066 558 animos
2098 500 2188 558 ira

219 577 475 637 haberet
513 575 829 650 apparuit=
886 592 1027 635 nam
1070 576 1152 636 ita
1193 575 1400 638 caedis
1440 577 1637 653 magis
1683 597 1864 655 quam
1894 582 2188 642 victoriae

220 660 386 720 avidi
433 665 782 734 pugnarunt
808 658 1096 734 Romani,
1138 667 1204 720 ut
1231 660 1349 721 vix·
1377 663 1651 722 nuntium
1679 663 1872 723 eladis
1901 663 2062 724 hosti
2092 682 2184 726 re·-

222 744 586 818 linquerent.
647 741 726 804 ob
766 741 880 802 has
918 758 1024 804 res
1052 749 1291 818 gestas,
1338 748 1657 806 consulum
1689 746 1899 808 litteris
1928 750 2184 808 Romam

219 825 460 902 adlatis,
486 826 851 901 supplicatio
874 827 935 908 in
958 826 1221 888 triduum
1246 828 1495 889 decreta
1515 835 1628 890 est.
1674 831 1848 890 brevi
1872 832 2180 906 postMar-

220 911 414 970 cellus
445 910 662 970 consul
691 909 946 970 Romam
979 910 1169 984 venit,
1203 909 1671 988 triumphusque
1700 912 1757 972 ei
1786 930 2006 988 magno
2040 932 2182 976 con-

219 1009 414 1054 sensu
441 1000 681 1068 patrum
711 996 820 1053 est·
837 993 1142 1053 decretus.
1208 991 1598 1070 triumphavit
1630 994 1691 1055 in
1719 996 2076 1071 magistratu
2108 1002 2184 1058 de

213 1077 580 1137 Insubribus
612 1077 1158 1152 Comensibusque.
1217 1077 1509 1138 Boiorum
1539 1078 1823 1154 triumphi
1853 1097 2028 1156 spem
2058 1086 2180 1142 col-

217 1162 395 1234 legae
424 1160 686 1236 reliquit,
721 1159 864 1234 quia
885 1160 1004 1235 ipsi
1029 1161 1280 1237 proprie
1303 1162 1569 1223 adversa
1591 1179 1799 1238 pugna
1822 1163 1880 1224 in
1906 1182 1980 1226 ea
2000 1176 2182 1240 gente

213 1250 537 1317 evenerat,
593 1260 730 1304 cum
782 1245 1018 1319 collega
1069 1246 1360 1316 secunda.
1430 1247 1619 1307 multa
1668 1248 1868 1323 spolia
1918 1250 2180 1310 hostium

214 1327 479 1402 captivis
521 1327 825 1403 carpentis
867 1333 1165 1403 travecta,
1207 1331 1397 1390 multa
1435 1330 1713 1390 militaria
1755 1332 1960 1405 signa;
2020 1350 2180 1392 aerls

216 1412 344 1472 lata
382 1417 656 1472 trecenta
694 1411 905 1485 viginti
935 1408 1127 1485 milia,
1168 1413 1402 1487 argenti
1432 1412 1617 1488 bigati
1648 1414 1911 1473 ducenta
1940 1416 2182 1490 triginta

217 1500 506 1571 quattuor
547 1494 725 1554 milia.
795 1494 856 1553 in
900 1495 1139 1569 pedites
1183 1497 1462 1570 singulos
1507 1496 1628 1556 dati
1675 1499 1956 1571 octogeni
1998 1500 2178 1572 aeriS,

215 1579 442 1653 triplex
471 1578 659 1654 equiti
691 1577 1172 1653 centurionique.

386 1660 709 1721 XXXVIII.
763 1661 998 1721 Eodem
1039 1677 1199 1722 anno
1240 1663 1583 1724 Antiochus
1620 1680 1772 1738 reX‚-
1803 1680 1940 1725 cum
1978 1666 2178 1726 hiber-

210 1752 431 1806 nasset
454 1745 715 1820 Ephesi,
749 1760 960 1804 omnes
992 1745 1181 1806 Asiae
1211 1745 1485 1808 civitates
1514 1747 1574 1806 in
1606 1744 1915 1824 antiquam
1944 1750 2180 1824 imperii

217 1830 541 1890 formulam
579 1828 860 1902 redigere
903 1837 998 1889 est
1041 1837 1316 1890 conatus.
1376 1837 1437 1890 et
1477 1838 1710 1892 ceteras
1758 1832 2030 1906 quidem,
2078 1840 2180 1892 aut

215 1913 365 1990 quia
405 1911 557 1972 locis
605 1912 803 1989 planis
834 1914 1074 1988 positae
1103 1921 1274 1974 erant
1303 1922 1408 1977 aut
1437 1917 1581 1991 quia
1607 1931 1824 1993 parum
1852 1916 2176 1977 moenibus

212 1997 529 2073 armisque
571 2012 643 2057 ac
684 1998 978 2058 iuventuti
1015 1997 1319 2073 fidebant,
1362 1999 1527 2060 haud
1568 2000 1894 2061 difficulter
1930 2001 2180 2059 videbat

213 2082 427 2155 iugum
449 2086 840 2156 accepturas=
874 2080 1140 2159 Smyrna
1160 2089 1221 2144 et
1239 2082 1620 2159 Lampsacus
1642 2083 1976 2144 libertatem
2000 2101 2174 2143 usur-

209 2165 477 2240 pabant;
533 2164 995 2239 periculumque
1037 2172 1195 2240 erat,
1238 2180 1346 2240 ne,
1390 2167 1444 2226 si
1487 2182 1855 2227 concessum
1892 2166 1988 2225 his
2022 2169 2178 2227 foret

214 2250 390 2323 quod
412 2248 806 2320 intenderent,
833 2248 1157 2326 Smyrnam
1182 2249 1242 2307 in
1267 2249 1527 2309 Aeolide
1546 2249 1861 2323 Ioniaque,
1883 2249 2176 2321 Lampsa-

212 2348 358 2391 cum
386 2332 448 2390 in
467 2331 867 2407 Hellesponto
899 2332 1054 2392 aliae
1080 2332 1265 2391 urbes
1292 2337 1711 2407 sequerentur.
1758 2331 1936 2406 igitur
1960 2331 2174 2405 etipse

210 2416 294 2475 ab
317 2414 566 2489 Epheso
597 2415 676 2475 ad
699 2414 1026 2494 Smyrnam
1052 2415 1457 2476 obsidendam
1479 2414 1669 2485 misit3
1703 2422 1765 2475 et
1787 2431 1944 2490 quae
1966 2415 2176 2491 Abydi

212 2498 440 2573 copiae
489 2505 663 2559 erant
713 2499 1023 2573 praesidio
1071 2505 1304 2559 tantum
1353 2499 1598 2559 modico
1647 2499 1858 2559 relicto
1911 2499 2052 2557 duci
2096 2499 2174 2557 ad

206 2584 624 2657 Lampsacum
656 2583 1131 2658 oppugnandam
1162 2582 1357 2643 iussit.
1401 2598 1515 2641 nec
1546 2583 1603 2642 vi
1634 2589 1860 2643 tantum
1890 2583 2172 2653 terrebat,

208 2665 336 2726 sed
364 2681 474 2740 per
503 2668 738 2741 legatos
769 2667 981 2726 leniter
1011 2666 1402 2741 adloquendo
1428 2665 1913 2741 castigandoque
1934 2667 2172 2725 temeri-

208 2756 402 2811 tatem
444 2764 518 2809 ac
560 2750 957 2825 pertinaciam
1000 2765 1176 2825 spem
1207 2751 1543 2811 conabatur
1572 2752 1774 2811 facere
1801 2750 1972 2810 brevi
2004 2749 2174 2823 quod

208 2839 494 2909 peterent
518 2833 854 2907 habituroS,
888 2833 1004 2893 sed
1033 2849 1169 2893 eum
1198 2835 1347 2894 satis
1378 2840 1439 2893 et
1464 2832 1621 2908 ipsis
1652 2840 1712 2893 et
1734 2832 2014 2893 omnibus
2040 2833 2172 2891 aliis

209 2924 547 2992 appareret
593 2916 669 2976 ab
710 2932 857 2991 rege
904 2917 1283 2992 impetratam
1323 2933 1435 2978 cos
1478 2917 1842 2988 libertatem,
1896 2931 2018 2975 non
2062 2931 2174 2989 per

211 2999 611 3061 occasionem
638 3007 874 3075 raptam
896 2999 1143 3060 habere.
1177 3001 1476 3061 adversus
1502 3014 1661 3075 quae
1682 2999 2174 3074 respondebatur

209 3083 366 3143 nihil
405 3099 608 3160 neque
646 3084 849 3143 mirari
891 3098 1093 3157 neque
1131 3098 1503 3144 succensere
1528 3082 1897 3144 Antiochum
1926 3081 2170 3151 debere,

211 3168 264 3227 si
313 3181 490 3241 spem
537 3166 832 3228 libertatis
884 3165 1112 3227 differri
1161 3182 1287 3226 non
1327 3167 1477 3226 satis
1518 3181 1717 3240 aequo
1759 3164 1958 3223 animo
2002 3169 2168 3235 pate-

206 3257 442 3310 rentur.
507 3250 646 3325 ipse
694 3250 862 3310 initio
913 3250 1078 3310 veris
1129 3249 1389 3309 navibus
1441 3247 1520 3307 ab
1558 3247 1807 3322 Epheso
1858 3247 2170 3321 profectus

208 3334 681 3409 Hellespontum
737 3335 914 3409 petit;
985 3331 1287 3393 terrestris
1339 3329 1553 3404 copias
1600 3330 1771 3392 traici
1822 3330 1900 3390 ab
1940 3329 2168 3407 Abydo

209 3417 907 3479 Chersonesum-iussit.
973 3432 1108 3478 eum
1151 3415 1231 3475 ad
1269 3414 1609 3491 Madytum,
1664 3412 2030 3475 Chersonesi
2070 3429 2168 3471 ur-

207 3502 384 3577 bem,
434 3501 710 3563 terrestri
749 3502 1028 3562 navalem
1069 3500 1400 3562 exercitum
1440 3498 1769 3573 iunxisset,
1823 3496 1966 3573 quia
2006 3501 2160 3557 clau-

1676 3583 1757 3642 Β*
