2548 3950
389 261 511 324 132
683 260 914 320 LIBER
941 259 1206 320 XXXIV.
1255 257 1420 317 CAP.
1449 264 1502 317 6.
1532 263 1584 318 7.
1630 261 1705 329 [a.
1734 259 1807 312 U.
1838 259 2043 318 c.-557]

381 413 543 487 tatiS,
569 420 634 474 et
663 409 808 488 quia
831 409 1102 473 omnium
1126 409 1501 485 privatorum
1527 407 1831 484 pecuniae
1856 407 1919 468 in
1943 425 2126 472 usum
2149 410 2365 486 publi-

381 513 524 561 cum
561 496 897 558 vertendae
939 501 1140 567 erant,
1191 491 1374 554 istam
1414 494 1617 567 legem
1658 491 2023 568 scripsisse,
2075 500 2203 556 tam
2244 495 2366 558 diu

380 596 734 644 mansuram
767 595 951 654 quam
988 577 1100 638 diu
1139 591 1335 638 causa
1372 574 1741 640 scribendae
1779 575 1941 651 legis
1978 575 2366 643 mansissem

382 682 522 726 nam
541 663 608 725 si
639 679 799 740 quae
830 671 974 724 tunc
1005 660 1301 737 temporis
1328 675 1521 724 eausa
1540 665 1645 722 aut
1664 659 1943 724 decrevit
1964 669 2219 726 senatus
2249 672 2365 725 aut

385 749 654 826 populus
675 745 894 819 iussit,
931 743 1001 806 in
1029 753 1402 821 perpetuum
1433 742 1668 806 servari
1704 751 1980 818 oportet,
2016 759 2134 808 cur
2161 761 2361 842 pecu-

384 831 520 894 nias
543 830 863 892 reddimus
893 828 1194 926 privatis?
1222 845 1333 889 cur
1362 827 1611 903 publica
1633 825 1945 902 praesenti
1967 828 2233 904 pecunia
2263 830 2361 894 lo-

383 921 641 978 camus?
685 930 798 976 cur
825 912 991 975 servi
1023 911 1128 989 qui
1155 910 1413 974 militent
1439 928 1565 977 non
1606 917 1930 974 emuntur?
1980 927 2093 974 eur
2130 910 2367 988 privati

384 1017 508 1062 non
534 998 757 1060 damus
785 997 1072 1072 remiges,
1104 996 1265 1057 sicut
1290 1005 1437 1058 tuuc
1468 995 1794 1057 dedimus?
1843 995 1977 1056 VII.
2010 1013 2224 1059 omnes
2248 996 2366 1060 alii

385 1082 634 1144 ordines
651 1129 666 1154 ,
711 1098 926 1143 omnes
958 1079 1240 1142 homines
1267 1078 1667 1142 mutationem
1694 1078 1757 1138 in
1785 1078 2099 1143 meliorem
2126 1088 2366 1144 statum

381 1165 475 1226 rei
503 1165 789 1242 publicae
819 1163 1113 1227 sentient=
1143 1164 1226 1224 ad
1248 1161 1548 1240 coniuges
1570 1169 1801 1225 tantum
1824 1171 2071 1226 nostras
2092 1162 2269 1241 pacis
2292 1174 2368 1227 et

387 1247 837 1324 tranquillitatis
879 1247 1165 1324 publicae
1214 1247 1451 1308 fructus
1495 1264 1619 1316 non
1671 1245 2032 1324 perveniet?
2076 1263 2371 1324 purpura

386 1332 500 1394 viri
524 1341 797 1405 utemur,
842 1329 1206 1408 praetextati
1233 1331 1299 1392 in
1321 1329 1811 1428 magistratibus,
1854 1330 1921 1392 in
1952 1329 2363 1402 sacerdotiis,

383 1416 559 1482 liberi
586 1416 783 1480 nostri
811 1416 1152 1514 praetextis
1179 1431 1454 1513 purpura
1480 1424 1583 1492 tog
1546 1413 1641 1476 is
1670 1422 1947 1486 utentur-3
1988 1414 2369 1492 magistrati-

383 1501 548 1562 bus
533 1520 594 1561 m
626 1499 886 1562 coloniis
928 1497 1436 1576 municipiisque,
1488 1499 1588 1560 hic
1628 1500 1863 1561 Romae
1903 1499 2112 1563 infimo
2138 1499 2371 1576 generi

383 1585 692 1660 magistris
722 1583 1000 1645 vicorum
1028 1593 1210 1660 togae
1240 1589 1599 1660 praetextae
1627 1583 1995 1646 habendae'
1978 1599 2077 1647 lus
2104 1583 2369 1660 permit-

383 1678 618 1740 temus;
647 1685 763 1728 nec
791 1667 858 1728 id
885 1675 954 1728 ut
979 1667 1107 1727 vivi
1137 1667 1340 1729 solum
1368 1667 1635 1730 habeant
1660 1674 1893 1730 tantum
1920 1666 2189 1743 insigne,
2236 1669 2371 1728 sed

384 1750 569 1813 etiam
593 1760 664 1813 ut
691 1769 830 1812 cum
854 1769 930 1812 eo
956 1760 1303 1813 crementur
1320 1750 1575 1814 mortui=
1608 1750 1850 1813 feminis
1872 1752 2186 1814 dumtaxat
2205 1768 2371 1826 pur-

387 1852 576 1915 purae
604 1853 724 1898 usu
750 1835 1234 1898 interdicemus?
1282 1843 1343 1897 et
1384 1852 1521 1896 cum
1556 1835 1664 1897 tibi
1707 1835 1839 1898 viro
1868 1835 2051 1898 liceat
2076 1851 2375 1911 purpura

385 1919 450 1982 in
461 1927 637 1981 veste
663 1921 934 1996 stragula
946 1919 1051 1994 uti,
1067 1925 1321 1982 matrem
1345 1919 1609 1982 familiae
1624 1927 1799 1981 tuam
1818 1918 2369 1998 purpureumami-

388 2005 591 2066 culum
620 2004 847 2065 habere
876 2021 1001 2065 non
1026 2003 1195 2066 sines
1209 2052 1226 2080 ,
1260 2011 1322 2066 et
1349 2020 1551 2082 equus
1582 2011 1723 2067 tuus
1752 2003 2103 2081 speciosius
2133 2003 2371 2068 instra·

385 2096 485 2150 tus
517 2088 632 2149 erit
661 2105 845 2165 quam
873 2106 1031 2149 uxor
1057 2087 1325 2151 vestita?
1374 2090 1489 2150 sed
1519 2088 1578 2149 in
1612 2106 1918 2165 purpura,
1950 2105 2111 2165 quae
2140 2086 2375 2150 teritur

385 2170 754 2246 absumitur,
796 2170 1084 2235 iniustam
1112 2172 1394 2250 quidem,
1428 2174 1542 2235 scd
1568 2172 1838 2249 aliquam
1867 2182 2069 2235 tamen
2097 2188 2373 2235 eausam

385 2254 731 2319 tenacitatis
759 2255 977 2318 video:
1021 2256 1084 2317 in
1114 2274 1266 2319 auro
1292 2273 1441 2319 vero
1459 2303 1473 2329 ,
1506 2256 1569 2318 in
1600 2275 1725 2334 quo
1756 2265 2001 2332 praeter
2027 2272 2338 2332 manupre

388 2339 536 2401 tium
553 2338 701 2407 nihil
725 2338 1144 2403 intertrimenti
1158 2342 1244 2414 fit,
1271 2357 1432 2416 quae
1454 2340 1799 2417 malignitas
1814 2348 1955 2403 est?
1975 2338 2376 2418 praesidium

386 2424 596 2499 potius
623 2423 688 2484 in
717 2440 792 2485 eo
820 2433 917 2486 est
945 2424 1115 2485 etad
1143 2424 1419 2500 privatos
1450 2433 1511 2486 et
1538 2425 1618 2485 ad
1645 2424 1935 2502 publicos
1960 2441 2116 2491 usus
2133 2471 2148 2499 ,
2186 2422 2377 2488 sicut

387 2505 628 2582 experti
657 2507 827 2568 estis.
899 2508 1127 2567 nullam
1169 2507 1637 2570 aemulationem
1666 2508 1824 2571 inter
1852 2525 1924 2571 se
1954 2508 2374 2586 singulamm,

389 2588 680 2665 quoniam
707 2592 875 2651 nulla
903 2590 1190 2664 haberet,
1217 2608 1365 2655 esse
1393 2590 1615 2654 aicbat.
1672 2601 1738 2654 at
1764 2594 2015 2655 hercule
2042 2591 2373 2657 universis

387 2672 565 2734 dolor
593 2682 656 2733 et
683 2672 1020 2749 indignatio
1046 2684 1159 2750 est,
1190 2692 1331 2737 cum
1346 2674 1667 2739 sociorum
1688 2674 1886 2738 Latini
1908 2677 2173 2739 nominis
2196 2694 2375 2740 uxo·

385 2755 557 2817 ribus
584 2755 799 2819 vident
826 2775 904 2819 ea
932 2774 1238 2821 concessa
1268 2769 1656 2835 ornamenta,
1704 2778 1865 2837 quae
1906 2761 2023 2824 sibi
2064 2762 2376 2837 adempta

387 2838 538 2908 sint;
583 2856 723 2901 cum
763 2840 1025 2919 insignis
1068 2859 1176 2905 eas
1223 2860 1370 2907 esse
1406 2862 1557 2907 auro
1586 2854 1650 2909 et
1677 2862 1992 2922 purpura,
2046 2863 2183 2909 eum
2212 2844 2373 2908 illas

389 2922 528 2985 vehi
556 2941 671 3001 per
695 2926 941 3003 urbem,
987 2943 1059 2989 se
1086 2928 1354 3027 pedibus
1397 2929 1609 3005 sequi,
1662 2938 1972 3007 tamquam
2013 2930 2077 2991 in
2113 2929 2375 2993 illarum

387 3006 755 3084 civitatibuS,
788 3027 912 3073 non
943 3010 1004 3072 in
1035 3028 1150 3073 sua
1177 3011 1501 3091 imperium
1524 3013 1620 3075 sit.
1664 3013 1937 3077 virorum
1964 3015 2085 3077 hec
2112 3012 2373 3079 animos

384 3094 712 3155 vulnerare
759 3104 1004 3170 posset·
1064 3094 1213 3172 quid
1265 3098 1758 3161 muliercularum
1814 3098 2127 3173 censetiS,
2194 3114 2373 3175 quas

383 3175 568 3237 etiam
596 3189 792 3254 parva
819 3186 1112 3242 movent?
1139 3198 1264 3242 non
1292 3180 1685 3257 magistratus
1712 3200 1829 3245 nec
1858 3182 2207 3245 sacerdotia
2236 3198 2375 3244 nee

386 3258 672 3335 triumphi
700 3278 816 3325 nec
844 3261 1111 3339 insignia
1138 3281 1255 3327 nec
1284 3266 1453 3327 dona
1476 3271 1584 3327 aut
1610 3266 1815 3343 spolia
1838 3266 2105 3330 bellica
2090 3283 2167 3327 us
2203 3281 2369 3327 eon-

383 3341 618 3417 tingere
645 3354 945 3418 possunt:
979 3348 1325 3411 munditiae
1344 3358 1415 3411 et
1445 3359 1699 3413 ornatus
1728 3360 1793 3413 et
1818 3354 2051 3425 cultuS,
2077 3350 2235 3413 haec
2266 3350 2374 3413 fe·-

383 3422 682 3487 minarum
711 3426 976 3504 insignia
1005 3441 1179 3502 sunt;
1234 3434 1332 3495 his
1374 3436 1643 3509 gaudent
1684 3444 1747 3498 et
1780 3436 2143 3512 gloriantur,
2184 3434 2374 3496 hunc

383 3510 679 3571 mundum
697 3509 1055 3574 muliebrem
1073 3518 1462 3592 appellarunt
1482 3518 1748 3582 maiores
1770 3518 1982 3583 nostri.
2016 3516 2164 3597 quid
2182 3518 2373 3581 aliud
