<?xml version="1.0" encoding="UTF-8"?>
<!DOCTYPE html PUBLIC "-//W3C//DTD XHTML 1.0 Transitional//EN"
    "http://www.w3.org/TR/xhtml1/DTD/xhtml1-transitional.dtd">
<html xmlns="http://www.w3.org/1999/xhtml" xml:lang="en" lang="en">
 <head>
  <title>
</title>
<meta http-equiv="Content-Type" content="text/html;charset=utf-8" />
  <meta name='ocr-system' content='tesseract 3.04.00' />
  <meta name='ocr-capabilities' content='ocr_page ocr_carea ocr_par ocr_line ocrx_word'/>
</head>
<body>
  <div class='ocr_page' id='page_1' title='image "./aburbeconditali14livygoog_0300.png"; bbox 0 0 2548 3950; ppageno 0'>
   <div class='ocr_carea' id='block_1_1' title="bbox 493 248 2179 324">
    <p class='ocr_par' dir='ltr' id='par_1_1' title="bbox 493 248 2179 324">
     <span class='ocr_line' id='line_1_1' title="bbox 493 248 2179 324; baseline 0.002 -13"><span class='ocrx_word' id='word_1_1' title='bbox 493 249 717 311; x_wconf 82' lang='lat' dir='ltr'><strong>LIBER</strong></span> <span class='ocrx_word' id='word_1_2' title='bbox 744 248 1037 309; x_wconf 83' lang='lat' dir='ltr'>XXXVII.</span> <span class='ocrx_word' id='word_1_3' title='bbox 1077 248 1355 312; x_wconf 77' lang='lat' dir='ltr'>CAP.13.</span> <span class='ocrx_word' id='word_1_4' title='bbox 1383 258 1576 313; x_wconf 76' lang='lat'>14.15.</span> <span class='ocrx_word' id='word_1_5' title='bbox 1624 258 1697 323; x_wconf 81' lang='lat' dir='ltr'>[a.</span> <span class='ocrx_word' id='word_1_6' title='bbox 1721 257 1785 309; x_wconf 86' lang='lat' dir='ltr'>c.</span> <span class='ocrx_word' id='word_1_7' title='bbox 1813 260 1945 324; x_wconf 76' lang='lat'>19⁰1</span> <span class='ocrx_word' id='word_1_8' title='bbox 2056 250 2179 314; x_wconf 76' lang='lat'>273</span> 
     </span>
    </p>
   </div>
   <div class='ocr_carea' id='block_1_2' title="bbox 211 401 2186 3619">
    <p class='ocr_par' dir='ltr' id='par_1_2' title="bbox 220 401 2186 1056">
     <span class='ocr_line' id='line_1_2' title="bbox 230 401 2180 481; baseline 0.001 -18"><span class='ocrx_word' id='word_1_9' title='bbox 230 403 476 481; x_wconf 77' lang='lat' dir='ltr'>agmine</span> <span class='ocrx_word' id='word_1_10' title='bbox 506 401 669 470; x_wconf 87' lang='lat' dir='ltr'>iere;</span> <span class='ocrx_word' id='word_1_11' title='bbox 715 401 887 473; x_wconf 80' lang='lat' dir='ltr'>inde,</span> <span class='ocrx_word' id='word_1_12' title='bbox 933 416 1069 461; x_wconf 87' lang='lat' dir='ltr'>cum</span> <span class='ocrx_word' id='word_1_13' title='bbox 1097 417 1172 461; x_wconf 92' lang='lat' dir='ltr'>ea</span> <span class='ocrx_word' id='word_1_14' title='bbox 1200 402 1341 477; x_wconf 90' lang='lat' dir='ltr'>ipsa</span> <span class='ocrx_word' id='word_1_15' title='bbox 1368 403 1671 478; x_wconf 87' lang='lat' dir='ltr'>suspicio,</span> <span class='ocrx_word' id='word_1_16' title='bbox 1713 418 1789 463; x_wconf 91' lang='lat' dir='ltr'>ne</span> <span class='ocrx_word' id='word_1_17' title='bbox 1821 405 1957 479; x_wconf 90' lang='lat' dir='ltr'>quis</span> <span class='ocrx_word' id='word_1_18' title='bbox 1987 405 2180 465; x_wconf 86' lang='lat' dir='ltr'>exiret</span> 
     </span>
     <span class='ocr_line' id='line_1_3' title="bbox 227 484 2177 563; baseline 0.001 -18"><span class='ocrx_word' id='word_1_19' title='bbox 227 484 646 557; x_wconf 79' lang='lat' dir='ltr'>deterruisset,</span> <span class='ocrx_word' id='word_1_20' title='bbox 675 484 986 544; x_wconf 88' lang='lat' dir='ltr'>redierunt</span> <span class='ocrx_word' id='word_1_21' title='bbox 1007 485 1085 544; x_wconf 88' lang='lat' dir='ltr'>ad</span> <span class='ocrx_word' id='word_1_22' title='bbox 1111 499 1339 555; x_wconf 82' lang='lat' dir='ltr'>naves;</span> <span class='ocrx_word' id='word_1_23' title='bbox 1382 492 1442 545; x_wconf 86' lang='lat' dir='ltr'>et</span> <span class='ocrx_word' id='word_1_24' title='bbox 1468 493 1629 545; x_wconf 89' lang='lat' dir='ltr'>terra</span> <span class='ocrx_word' id='word_1_25' title='bbox 1650 486 1924 561; x_wconf 89' lang='lat' dir='ltr'>marique</span> <span class='ocrx_word' id='word_1_26' title='bbox 1946 487 2177 563; x_wconf 77' lang='lat' dir='ltr'>fugien-</span> 
     </span>
     <span class='ocr_line' id='line_1_4' title="bbox 227 565 2177 642; baseline 0.002 -13"><span class='ocrx_word' id='word_1_27' title='bbox 227 569 394 629; x_wconf 88' lang='lat' dir='ltr'>tibus</span> <span class='ocrx_word' id='word_1_28' title='bbox 425 574 728 627; x_wconf 85' lang='lat' dir='ltr'>certamen</span> <span class='ocrx_word' id='word_1_29' title='bbox 758 565 1036 627; x_wconf 83' lang='lat' dir='ltr'>hostibus</span> <span class='ocrx_word' id='word_1_30' title='bbox 1061 565 1325 640; x_wconf 86' lang='lat' dir='ltr'><strong>Samum,</strong></span> <span class='ocrx_word' id='word_1_31' title='bbox 1357 568 1519 628; x_wconf 90' lang='lat' dir='ltr'>unde</span> <span class='ocrx_word' id='word_1_32' title='bbox 1546 575 1812 642; x_wconf 87' lang='lat' dir='ltr'>venerat,</span> <span class='ocrx_word' id='word_1_33' title='bbox 1841 571 2059 631; x_wconf 91' lang='lat' dir='ltr'>classis</span> <span class='ocrx_word' id='word_1_34' title='bbox 2081 586 2177 632; x_wconf 88' lang='lat' dir='ltr'>re-</span> 
     </span>
     <span class='ocr_line' id='line_1_5' title="bbox 226 649 2177 727; baseline 0.001 -15"><span class='ocrx_word' id='word_1_35' title='bbox 226 652 394 727; x_wconf 85' lang='lat' dir='ltr'>petit.</span> <span class='ocrx_word' id='word_1_36' title='bbox 438 650 580 709; x_wconf 88' lang='lat' dir='ltr'>inde</span> <span class='ocrx_word' id='word_1_37' title='bbox 610 650 765 709; x_wconf 88' lang='lat' dir='ltr'>duas</span> <span class='ocrx_word' id='word_1_38' title='bbox 790 649 1094 709; x_wconf 87' lang='lat' dir='ltr'>sociorum</span> <span class='ocrx_word' id='word_1_39' title='bbox 1117 665 1194 709; x_wconf 86' lang='lat' dir='ltr'>ex</span> <span class='ocrx_word' id='word_1_40' title='bbox 1216 650 1403 723; x_wconf 88' lang='lat' dir='ltr'>Italia,</span> <span class='ocrx_word' id='word_1_41' title='bbox 1430 651 1584 712; x_wconf 87' lang='lat' dir='ltr'>duas</span> <span class='ocrx_word' id='word_1_42' title='bbox 1606 650 1879 712; x_wconf 90' lang='lat' dir='ltr'>Rhodias</span> <span class='ocrx_word' id='word_1_43' title='bbox 1902 653 2177 714; x_wconf 80' lang='lat' dir='ltr'>triremes</span> 
     </span>
     <span class='ocr_line' id='line_1_6' title="bbox 221 731 2177 810; baseline 0.002 -17"><span class='ocrx_word' id='word_1_44' title='bbox 221 750 366 796; x_wconf 88' lang='lat' dir='ltr'>cum</span> <span class='ocrx_word' id='word_1_45' title='bbox 415 734 722 807; x_wconf 80' lang='lat' dir='ltr'>praefecto</span> <span class='ocrx_word' id='word_1_46' title='bbox 761 732 1045 807; x_wconf 81' lang='lat' dir='ltr'>Epicrate</span> <span class='ocrx_word' id='word_1_47' title='bbox 1084 731 1325 793; x_wconf 90' lang='lat' dir='ltr'>Rhodio</span> <span class='ocrx_word' id='word_1_48' title='bbox 1376 733 1453 792; x_wconf 85' lang='lat' dir='ltr'>ad</span> <span class='ocrx_word' id='word_1_49' title='bbox 1498 734 1711 793; x_wconf 83' lang='lat' dir='ltr'>fretum</span> <span class='ocrx_word' id='word_1_50' title='bbox 1755 734 2177 810; x_wconf 76' lang='lat' dir='ltr'>cephalleniae</span> 
     </span>
     <span class='ocr_line' id='line_1_7' title="bbox 220 814 2186 890; baseline 0.001 -11"><span class='ocrx_word' id='word_1_51' title='bbox 220 817 520 879; x_wconf 86' lang='lat' dir='ltr'>tuendum</span> <span class='ocrx_word' id='word_1_52' title='bbox 571 823 814 890; x_wconf 87' lang='lat' dir='ltr'>praetor</span> <span class='ocrx_word' id='word_1_53' title='bbox 854 814 1031 876; x_wconf 88' lang='lat' dir='ltr'>misit.</span> <span class='ocrx_word' id='word_1_54' title='bbox 1092 814 1379 875; x_wconf 82' lang='lat' dir='ltr'>infestum</span> <span class='ocrx_word' id='word_1_55' title='bbox 1416 816 1478 876; x_wconf 93' lang='lat' dir='ltr'>id</span> <span class='ocrx_word' id='word_1_56' title='bbox 1516 818 1835 879; x_wconf 87' lang='lat' dir='ltr'>latrocinio</span> <span class='ocrx_word' id='word_1_57' title='bbox 1872 819 2186 881; x_wconf 87' lang='lat' dir='ltr'>Lacedae--</span> 
     </span>
     <span class='ocr_line' id='line_1_8' title="bbox 221 894 2178 975; baseline 0.001 -16"><span class='ocrx_word' id='word_1_58' title='bbox 221 899 469 960; x_wconf 89' lang='lat' dir='ltr'>menius</span> <span class='ocrx_word' id='word_1_59' title='bbox 513 899 836 975; x_wconf 82' lang='lat' dir='ltr'>Hybristas</span> <span class='ocrx_word' id='word_1_60' title='bbox 890 913 1030 957; x_wconf 89' lang='lat' dir='ltr'>cum</span> <span class='ocrx_word' id='word_1_61' title='bbox 1077 896 1388 959; x_wconf 89' lang='lat' dir='ltr'>iuventute</span> <span class='ocrx_word' id='word_1_62' title='bbox 1429 898 1858 974; x_wconf 82' lang='lat' dir='ltr'>Cephallenum</span> <span class='ocrx_word' id='word_1_63' title='bbox 1902 894 2178 974; x_wconf 75' lang='lat' dir='ltr'>faciebat,</span> 
     </span>
     <span class='ocr_line' id='line_1_9' title="bbox 221 981 1859 1056; baseline 0 -14"><span class='ocrx_word' id='word_1_64' title='bbox 221 984 627 1056; x_wconf 86' lang='lat' dir='ltr'>clausumque</span> <span class='ocrx_word' id='word_1_65' title='bbox 656 982 775 1040; x_wconf 89' lang='lat' dir='ltr'>iam</span> <span class='ocrx_word' id='word_1_66' title='bbox 803 996 970 1040; x_wconf 90' lang='lat' dir='ltr'>mare</span> <span class='ocrx_word' id='word_1_67' title='bbox 998 981 1432 1042; x_wconf 81' lang='lat' dir='ltr'>commeatibus</span> <span class='ocrx_word' id='word_1_68' title='bbox 1461 982 1682 1041; x_wconf 83' lang='lat' dir='ltr'>italicis</span> <span class='ocrx_word' id='word_1_69' title='bbox 1713 990 1859 1043; x_wconf 86' lang='lat' dir='ltr'>erat.</span> 
     </span>
    </p>

    <p class='ocr_par' dir='ltr' id='par_1_3' title="bbox 211 1063 2175 3549">
     <span class='ocr_line' id='line_1_10' title="bbox 393 1063 2174 1139; baseline 0.002 -16"><span class='ocrx_word' id='word_1_70' title='bbox 393 1064 551 1123; x_wconf 83' lang='lat' dir='ltr'>XJV.</span> <span class='ocrx_word' id='word_1_71' title='bbox 605 1063 840 1123; x_wconf 84' lang='lat' dir='ltr'>Piraeei</span> <span class='ocrx_word' id='word_1_72' title='bbox 881 1063 947 1126; x_wconf 85' lang='lat' dir='ltr'>L.</span> <span class='ocrx_word' id='word_1_73' title='bbox 978 1063 1238 1124; x_wconf 89' lang='lat' dir='ltr'>Aemilio</span> <span class='ocrx_word' id='word_1_74' title='bbox 1271 1064 1508 1139; x_wconf 80' lang='lat' dir='ltr'>Regillo</span> <span class='ocrx_word' id='word_1_75' title='bbox 1557 1067 1909 1127; x_wconf 83' lang='lat' dir='ltr'>succedenti</span> <span class='ocrx_word' id='word_1_76' title='bbox 1952 1067 2031 1128; x_wconf 89' lang='lat' dir='ltr'>ad</span> <span class='ocrx_word' id='word_1_77' title='bbox 2070 1084 2174 1126; x_wconf 85' lang='lat' dir='ltr'>na-</span> 
     </span>
     <span class='ocr_line' id='line_1_11' title="bbox 220 1146 2175 1222; baseline 0.003 -15"><span class='ocrx_word' id='word_1_78' title='bbox 220 1147 367 1207; x_wconf 85' lang='lat' dir='ltr'>vale</span> <span class='ocrx_word' id='word_1_79' title='bbox 406 1147 726 1221; x_wconf 89' lang='lat' dir='ltr'>imperium</span> <span class='ocrx_word' id='word_1_80' title='bbox 752 1146 1070 1222; x_wconf 85' lang='lat' dir='ltr'>Epicrates</span> <span class='ocrx_word' id='word_1_81' title='bbox 1101 1147 1397 1217; x_wconf 83' lang='lat' dir='ltr'>occurrit;</span> <span class='ocrx_word' id='word_1_82' title='bbox 1442 1147 1547 1222; x_wconf 89' lang='lat' dir='ltr'>qui</span> <span class='ocrx_word' id='word_1_83' title='bbox 1574 1148 1781 1209; x_wconf 89' lang='lat' dir='ltr'>audita</span> <span class='ocrx_word' id='word_1_84' title='bbox 1809 1150 1985 1210; x_wconf 88' lang='lat' dir='ltr'>clade</span> <span class='ocrx_word' id='word_1_85' title='bbox 2011 1149 2175 1212; x_wconf 84' lang='lat' dir='ltr'>Rho·</span> 
     </span>
     <span class='ocr_line' id='line_1_12' title="bbox 222 1229 2173 1309; baseline 0.001 -19"><span class='ocrx_word' id='word_1_86' title='bbox 222 1230 496 1303; x_wconf 86' lang='lat' dir='ltr'>diorum,</span> <span class='ocrx_word' id='word_1_87' title='bbox 549 1245 686 1290; x_wconf 91' lang='lat' dir='ltr'>cum</span> <span class='ocrx_word' id='word_1_88' title='bbox 737 1229 873 1304; x_wconf 87' lang='lat' dir='ltr'>ipse</span> <span class='ocrx_word' id='word_1_89' title='bbox 921 1230 1076 1289; x_wconf 89' lang='lat' dir='ltr'>duas</span> <span class='ocrx_word' id='word_1_90' title='bbox 1116 1236 1345 1291; x_wconf 89' lang='lat' dir='ltr'>tantum</span> <span class='ocrx_word' id='word_1_91' title='bbox 1390 1231 1865 1306; x_wconf 87' lang='lat' dir='ltr'>quinqueremes</span> <span class='ocrx_word' id='word_1_92' title='bbox 1903 1230 2173 1309; x_wconf 82' lang='lat' dir='ltr'>haberet,</span> 
     </span>
     <span class='ocr_line' id='line_1_13' title="bbox 218 1311 2172 1389; baseline 0.002 -18"><span class='ocrx_word' id='word_1_93' title='bbox 218 1312 568 1389; x_wconf 79' lang='lat' dir='ltr'>Epicratem</span> <span class='ocrx_word' id='word_1_94' title='bbox 597 1327 734 1373; x_wconf 90' lang='lat' dir='ltr'>cum</span> <span class='ocrx_word' id='word_1_95' title='bbox 764 1318 1044 1388; x_wconf 89' lang='lat' dir='ltr'>quattuor</span> <span class='ocrx_word' id='word_1_96' title='bbox 1072 1312 1331 1373; x_wconf 89' lang='lat' dir='ltr'>navibus</span> <span class='ocrx_word' id='word_1_97' title='bbox 1359 1311 1420 1373; x_wconf 94' lang='lat' dir='ltr'>in</span> <span class='ocrx_word' id='word_1_98' title='bbox 1444 1314 1653 1373; x_wconf 84' lang='lat' dir='ltr'>Asiam</span> <span class='ocrx_word' id='word_1_99' title='bbox 1682 1328 1890 1375; x_wconf 90' lang='lat' dir='ltr'>secum</span> <span class='ocrx_word' id='word_1_100' title='bbox 1911 1315 2172 1375; x_wconf 88' lang='lat' dir='ltr'>reduxit.</span> 
     </span>
     <span class='ocr_line' id='line_1_14' title="bbox 219 1394 2171 1472; baseline 0.001 -18"><span class='ocrx_word' id='word_1_101' title='bbox 219 1402 593 1472; x_wconf 87' lang='lat' dir='ltr'>prosecutae</span> <span class='ocrx_word' id='word_1_102' title='bbox 633 1396 813 1455; x_wconf 89' lang='lat' dir='ltr'>etiam</span> <span class='ocrx_word' id='word_1_103' title='bbox 856 1401 1102 1469; x_wconf 81' lang='lat' dir='ltr'>apertae</span> <span class='ocrx_word' id='word_1_104' title='bbox 1131 1394 1594 1456; x_wconf 86' lang='lat' dir='ltr'>Atheniensium</span> <span class='ocrx_word' id='word_1_105' title='bbox 1628 1411 1824 1458; x_wconf 88' lang='lat' dir='ltr'>naves</span> <span class='ocrx_word' id='word_1_106' title='bbox 1855 1405 2013 1458; x_wconf 88' lang='lat' dir='ltr'>sunt.</span> <span class='ocrx_word' id='word_1_107' title='bbox 2052 1402 2171 1457; x_wconf 87' lang='lat' dir='ltr'>Ae-</span> 
     </span>
     <span class='ocr_line' id='line_1_15' title="bbox 219 1477 2171 1555; baseline 0.001 -16"><span class='ocrx_word' id='word_1_108' title='bbox 219 1494 382 1555; x_wconf 79' lang='lat' dir='ltr'>gaeo</span> <span class='ocrx_word' id='word_1_109' title='bbox 423 1478 571 1538; x_wconf 85' lang='lat' dir='ltr'>mari</span> <span class='ocrx_word' id='word_1_110' title='bbox 612 1478 848 1539; x_wconf 88' lang='lat' dir='ltr'>traiecit</span> <span class='ocrx_word' id='word_1_111' title='bbox 885 1477 1114 1538; x_wconf 89' lang='lat' dir='ltr'>Chium.</span> <span class='ocrx_word' id='word_1_112' title='bbox 1185 1479 1403 1539; x_wconf 91' lang='lat' dir='ltr'>eodem</span> <span class='ocrx_word' id='word_1_113' title='bbox 1441 1478 1867 1540; x_wconf 86' lang='lat' dir='ltr'>Timasicrates</span> <span class='ocrx_word' id='word_1_114' title='bbox 1894 1478 2171 1541; x_wconf 88' lang='lat' dir='ltr'>Rhodius</span> 
     </span>
     <span class='ocr_line' id='line_1_16' title="bbox 221 1560 2173 1639; baseline 0.001 -17"><span class='ocrx_word' id='word_1_115' title='bbox 221 1577 368 1622; x_wconf 89' lang='lat' dir='ltr'>cum</span> <span class='ocrx_word' id='word_1_116' title='bbox 415 1560 652 1622; x_wconf 86' lang='lat' dir='ltr'>duabus</span> <span class='ocrx_word' id='word_1_117' title='bbox 705 1561 1190 1636; x_wconf 87' lang='lat' dir='ltr'>quadriremibus</span> <span class='ocrx_word' id='word_1_118' title='bbox 1231 1561 1311 1621; x_wconf 90' lang='lat' dir='ltr'>ab</span> <span class='ocrx_word' id='word_1_119' title='bbox 1355 1560 1539 1622; x_wconf 87' lang='lat' dir='ltr'>Samo</span> <span class='ocrx_word' id='word_1_120' title='bbox 1590 1568 1772 1623; x_wconf 86' lang='lat' dir='ltr'>nocte</span> <span class='ocrx_word' id='word_1_121' title='bbox 1812 1563 2173 1639; x_wconf 82' lang='lat' dir='ltr'>intempesta</span> 
     </span>
     <span class='ocr_line' id='line_1_17' title="bbox 221 1644 2171 1720; baseline -0.001 -12"><span class='ocrx_word' id='word_1_122' title='bbox 221 1644 418 1717; x_wconf 89' lang='lat' dir='ltr'>venit,</span> <span class='ocrx_word' id='word_1_123' title='bbox 461 1645 887 1720; x_wconf 87' lang='lat' dir='ltr'>deductusque</span> <span class='ocrx_word' id='word_1_124' title='bbox 925 1645 1004 1705; x_wconf 89' lang='lat' dir='ltr'>ad</span> <span class='ocrx_word' id='word_1_125' title='bbox 1030 1644 1355 1705; x_wconf 89' lang='lat' dir='ltr'>Aemilium</span> <span class='ocrx_word' id='word_1_126' title='bbox 1395 1645 1687 1719; x_wconf 90' lang='lat' dir='ltr'>praesidii</span> <span class='ocrx_word' id='word_1_127' title='bbox 1716 1660 1905 1708; x_wconf 89' lang='lat' dir='ltr'>causa</span> <span class='ocrx_word' id='word_1_128' title='bbox 1932 1660 2003 1705; x_wconf 88' lang='lat' dir='ltr'>se</span> <span class='ocrx_word' id='word_1_129' title='bbox 2028 1647 2171 1707; x_wconf 90' lang='lat' dir='ltr'>mis-</span> 
     </span>
     <span class='ocr_line' id='line_1_18' title="bbox 218 1727 2172 1804; baseline 0.001 -15"><span class='ocrx_word' id='word_1_130' title='bbox 218 1743 363 1790; x_wconf 87' lang='lat' dir='ltr'>sum</span> <span class='ocrx_word' id='word_1_131' title='bbox 403 1727 515 1799; x_wconf 90' lang='lat' dir='ltr'>ait,</span> <span class='ocrx_word' id='word_1_132' title='bbox 559 1728 726 1803; x_wconf 90' lang='lat' dir='ltr'>quod</span> <span class='ocrx_word' id='word_1_133' title='bbox 755 1743 890 1788; x_wconf 88' lang='lat' dir='ltr'>eam</span> <span class='ocrx_word' id='word_1_134' title='bbox 922 1743 1091 1788; x_wconf 89' lang='lat' dir='ltr'>oram</span> <span class='ocrx_word' id='word_1_135' title='bbox 1119 1729 1303 1788; x_wconf 87' lang='lat' dir='ltr'>maris</span> <span class='ocrx_word' id='word_1_136' title='bbox 1332 1728 1615 1790; x_wconf 76' lang='lat' dir='ltr'>infestam</span> <span class='ocrx_word' id='word_1_137' title='bbox 1643 1729 1939 1790; x_wconf 82' lang='lat' dir='ltr'>onerariis</span> <span class='ocrx_word' id='word_1_138' title='bbox 1966 1730 2172 1804; x_wconf 82' lang='lat' dir='ltr'>regiae</span> 
     </span>
     <span class='ocr_line' id='line_1_19' title="bbox 218 1811 2171 1890; baseline 0.002 -20"><span class='ocrx_word' id='word_1_139' title='bbox 218 1826 416 1871; x_wconf 88' lang='lat' dir='ltr'>naves</span> <span class='ocrx_word' id='word_1_140' title='bbox 445 1811 908 1871; x_wconf 86' lang='lat' dir='ltr'>excursionibus</span> <span class='ocrx_word' id='word_1_141' title='bbox 939 1812 1168 1871; x_wconf 88' lang='lat' dir='ltr'>crebris</span> <span class='ocrx_word' id='word_1_142' title='bbox 1201 1811 1277 1871; x_wconf 90' lang='lat' dir='ltr'>ab</span> <span class='ocrx_word' id='word_1_143' title='bbox 1305 1812 1702 1888; x_wconf 88' lang='lat' dir='ltr'>Hellesponto</span> <span class='ocrx_word' id='word_1_144' title='bbox 1732 1819 1916 1889; x_wconf 89' lang='lat' dir='ltr'>atque</span> <span class='ocrx_word' id='word_1_145' title='bbox 1943 1813 2171 1890; x_wconf 81' lang='lat' dir='ltr'>Abydo</span> 
     </span>
     <span class='ocr_line' id='line_1_20' title="bbox 220 1892 2172 1958; baseline 0.001 -3"><span class='ocrx_word' id='word_1_146' title='bbox 220 1896 511 1955; x_wconf 75' lang='lat' dir='ltr'>iacerent.</span> <span class='ocrx_word' id='word_1_147' title='bbox 564 1894 856 1954; x_wconf 86' lang='lat' dir='ltr'>traicienti</span> <span class='ocrx_word' id='word_1_148' title='bbox 889 1894 1147 1955; x_wconf 85' lang='lat' dir='ltr'>Aemilio</span> <span class='ocrx_word' id='word_1_149' title='bbox 1178 1910 1216 1954; x_wconf 89' lang='lat' dir='ltr'>a</span> <span class='ocrx_word' id='word_1_150' title='bbox 1242 1894 1403 1955; x_wconf 69' lang='lat' dir='ltr'>Chio·</span> <span class='ocrx_word' id='word_1_151' title='bbox 1420 1892 1667 1958; x_wconf 89' lang='lat' dir='ltr'>Samum</span> <span class='ocrx_word' id='word_1_152' title='bbox 1709 1897 1868 1957; x_wconf 90' lang='lat' dir='ltr'>duae</span> <span class='ocrx_word' id='word_1_153' title='bbox 1896 1894 2172 1956; x_wconf 86' lang='lat' dir='ltr'>Rhodiae</span> 
     </span>
     <span class='ocr_line' id='line_1_21' title="bbox 220 1960 2171 2055; baseline 0 -15"><span class='ocrx_word' id='word_1_154' title='bbox 220 1978 641 2055; x_wconf 88' lang='lat' dir='ltr'>quadriremes</span> <span class='ocrx_word' id='word_1_155' title='bbox 665 1978 890 2038; x_wconf 87' lang='lat' dir='ltr'>missae</span> <span class='ocrx_word' id='word_1_156' title='bbox 915 1978 1155 2038; x_wconf 89' lang='lat' dir='ltr'>obviam</span> <span class='ocrx_word' id='word_1_157' title='bbox 1179 1979 1256 2038; x_wconf 89' lang='lat' dir='ltr'>ab</span> <span class='ocrx_word' id='word_1_158' title='bbox 1279 1979 1469 2052; x_wconf 90' lang='lat' dir='ltr'>Livio,</span> <span class='ocrx_word' id='word_1_159' title='bbox 1492 1985 1553 2040; x_wconf 91' lang='lat' dir='ltr'>et</span> <span class='ocrx_word' id='word_1_160' title='bbox 1571 1993 1682 2038; x_wconf 90' lang='lat' dir='ltr'>rex</span> <span class='ocrx_word' id='word_1_161' title='bbox 1703 1960 2007 2040; x_wconf 72' lang='lat' dir='ltr'>Eumenes</span> <span class='ocrx_word' id='word_1_162' title='bbox 2034 1995 2171 2040; x_wconf 89' lang='lat' dir='ltr'>cum</span> 
     </span>
     <span class='ocr_line' id='line_1_22' title="bbox 223 2061 2168 2138; baseline -0.001 -16"><span class='ocrx_word' id='word_1_163' title='bbox 223 2062 464 2122; x_wconf 87' lang='lat' dir='ltr'>duabus</span> <span class='ocrx_word' id='word_1_164' title='bbox 497 2061 1038 2136; x_wconf 88' lang='lat' dir='ltr'>quinqueremibus</span> <span class='ocrx_word' id='word_1_165' title='bbox 1069 2063 1350 2122; x_wconf 86' lang='lat' dir='ltr'>occurrit.</span> <span class='ocrx_word' id='word_1_166' title='bbox 1399 2061 1646 2122; x_wconf 87' lang='lat' dir='ltr'>Samum</span> <span class='ocrx_word' id='word_1_167' title='bbox 1674 2070 2002 2138; x_wconf 86' lang='lat' dir='ltr'>postquam</span> <span class='ocrx_word' id='word_1_168' title='bbox 2024 2077 2168 2122; x_wconf 90' lang='lat' dir='ltr'>ven-</span> 
     </span>
     <span class='ocr_line' id='line_1_23' title="bbox 218 2143 2165 2220; baseline 0 -15"><span class='ocrx_word' id='word_1_169' title='bbox 218 2153 346 2206; x_wconf 90' lang='lat' dir='ltr'>tum</span> <span class='ocrx_word' id='word_1_170' title='bbox 375 2151 497 2217; x_wconf 89' lang='lat' dir='ltr'>est,</span> <span class='ocrx_word' id='word_1_171' title='bbox 529 2152 784 2220; x_wconf 86' lang='lat' dir='ltr'>accepta</span> <span class='ocrx_word' id='word_1_172' title='bbox 812 2143 890 2204; x_wconf 90' lang='lat' dir='ltr'>ab</span> <span class='ocrx_word' id='word_1_173' title='bbox 919 2144 1089 2205; x_wconf 92' lang='lat' dir='ltr'>Livio</span> <span class='ocrx_word' id='word_1_174' title='bbox 1121 2146 1325 2205; x_wconf 86' lang='lat' dir='ltr'>classe</span> <span class='ocrx_word' id='word_1_175' title='bbox 1353 2145 1775 2220; x_wconf 82' lang='lat' dir='ltr'>ctsacrificio,</span> <span class='ocrx_word' id='word_1_176' title='bbox 1816 2153 1881 2206; x_wconf 90' lang='lat' dir='ltr'>ut</span> <span class='ocrx_word' id='word_1_177' title='bbox 1909 2146 2165 2220; x_wconf 83' lang='lat' dir='ltr'>adsolet,</span> 
     </span>
     <span class='ocr_line' id='line_1_24' title="bbox 217 2227 2171 2290; baseline 0.001 -3"><span class='ocrx_word' id='word_1_178' title='bbox 217 2228 333 2288; x_wconf 87' lang='lat' dir='ltr'>rite</span> <span class='ocrx_word' id='word_1_179' title='bbox 375 2228 536 2288; x_wconf 83' lang='lat' dir='ltr'>facto</span> <span class='ocrx_word' id='word_1_180' title='bbox 565 2228 860 2288; x_wconf 85' lang='lat' dir='ltr'>Aemilius</span> <span class='ocrx_word' id='word_1_181' title='bbox 891 2228 1210 2290; x_wconf 91' lang='lat' dir='ltr'>consilium</span> <span class='ocrx_word' id='word_1_182' title='bbox 1244 2228 1583 2288; x_wconf 86' lang='lat' dir='ltr'>advocavit.</span> <span class='ocrx_word' id='word_1_183' title='bbox 1650 2228 1732 2288; x_wconf 85' lang='lat' dir='ltr'>ibi</span> <span class='ocrx_word' id='word_1_184' title='bbox 1764 2227 1827 2286; x_wconf 83' lang='lat' dir='ltr'>C.</span> <span class='ocrx_word' id='word_1_185' title='bbox 1856 2227 2063 2288; x_wconf 89' lang='lat' dir='ltr'>Livius</span> <span class='ocrx_word' id='word_1_186' title='bbox 2085 2261 2171 2274; x_wconf 88' lang='lat'>-—</span> 
     </span>
     <span class='ocr_line' id='line_1_25' title="bbox 219 2310 2169 2385; baseline -0.001 -15"><span class='ocrx_word' id='word_1_187' title='bbox 219 2312 274 2370; x_wconf 91' lang='lat' dir='ltr'>is</span> <span class='ocrx_word' id='word_1_188' title='bbox 306 2312 465 2369; x_wconf 90' lang='lat' dir='ltr'>enim</span> <span class='ocrx_word' id='word_1_189' title='bbox 507 2316 604 2370; x_wconf 90' lang='lat' dir='ltr'>est</span> <span class='ocrx_word' id='word_1_190' title='bbox 641 2311 875 2385; x_wconf 89' lang='lat' dir='ltr'>primus</span> <span class='ocrx_word' id='word_1_191' title='bbox 914 2317 1166 2384; x_wconf 84' lang='lat' dir='ltr'>rogatus</span> <span class='ocrx_word' id='word_1_192' title='bbox 1201 2310 1562 2371; x_wconf 86' lang='lat' dir='ltr'>sententiam</span> <span class='ocrx_word' id='word_1_193' title='bbox 1583 2343 1669 2356; x_wconf 93' lang='lat'>—-</span> <span class='ocrx_word' id='word_1_194' title='bbox 1689 2311 1988 2369; x_wconf 90' lang='lat' dir='ltr'>neminem</span> <span class='ocrx_word' id='word_1_195' title='bbox 2018 2310 2169 2369; x_wconf 84' lang='lat' dir='ltr'>fide-</span> 
     </span>
     <span class='ocr_line' id='line_1_26' title="bbox 218 2392 2169 2469; baseline -0.001 -15"><span class='ocrx_word' id='word_1_196' title='bbox 218 2393 337 2455; x_wconf 87' lang='lat' dir='ltr'>lius</span> <span class='ocrx_word' id='word_1_197' title='bbox 367 2394 513 2453; x_wconf 89' lang='lat' dir='ltr'>dare</span> <span class='ocrx_word' id='word_1_198' title='bbox 543 2408 733 2468; x_wconf 90' lang='lat' dir='ltr'>posse</span> <span class='ocrx_word' id='word_1_199' title='bbox 773 2395 1091 2454; x_wconf 84' lang='lat' dir='ltr'>consilium</span> <span class='ocrx_word' id='word_1_200' title='bbox 1132 2392 1287 2454; x_wconf 87' lang='lat' dir='ltr'>dixit</span> <span class='ocrx_word' id='word_1_201' title='bbox 1328 2409 1511 2469; x_wconf 86' lang='lat' dir='ltr'>quam</span> <span class='ocrx_word' id='word_1_202' title='bbox 1556 2407 1724 2467; x_wconf 89' lang='lat' dir='ltr'>eum,</span> <span class='ocrx_word' id='word_1_203' title='bbox 1774 2393 1878 2467; x_wconf 88' lang='lat' dir='ltr'>qui</span> <span class='ocrx_word' id='word_1_204' title='bbox 1907 2393 1970 2452; x_wconf 92' lang='lat' dir='ltr'>id</span> <span class='ocrx_word' id='word_1_205' title='bbox 2000 2393 2169 2453; x_wconf 89' lang='lat' dir='ltr'>alteri</span> 
     </span>
     <span class='ocr_line' id='line_1_27' title="bbox 217 2476 2169 2551; baseline 0.001 -14"><span class='ocrx_word' id='word_1_206' title='bbox 217 2477 523 2549; x_wconf 85' lang='lat' dir='ltr'>suaderet,</span> <span class='ocrx_word' id='word_1_207' title='bbox 549 2477 715 2551; x_wconf 90' lang='lat' dir='ltr'>quod</span> <span class='ocrx_word' id='word_1_208' title='bbox 739 2477 893 2551; x_wconf 87' lang='lat' dir='ltr'>ipse,</span> <span class='ocrx_word' id='word_1_209' title='bbox 919 2477 970 2537; x_wconf 92' lang='lat' dir='ltr'>si</span> <span class='ocrx_word' id='word_1_210' title='bbox 995 2478 1056 2537; x_wconf 91' lang='lat' dir='ltr'>in</span> <span class='ocrx_word' id='word_1_211' title='bbox 1080 2478 1297 2537; x_wconf 89' lang='lat' dir='ltr'>eodem</span> <span class='ocrx_word' id='word_1_212' title='bbox 1321 2477 1456 2538; x_wconf 88' lang='lat' dir='ltr'>loco</span> <span class='ocrx_word' id='word_1_213' title='bbox 1481 2482 1661 2550; x_wconf 86' lang='lat' dir='ltr'>esset,</span> <span class='ocrx_word' id='word_1_214' title='bbox 1678 2476 1949 2536; x_wconf 82' lang='lat' dir='ltr'>facturus</span> <span class='ocrx_word' id='word_1_215' title='bbox 1973 2477 2169 2538; x_wconf 88' lang='lat' dir='ltr'>suerit.</span> 
     </span>
     <span class='ocr_line' id='line_1_28' title="bbox 216 2558 2165 2636; baseline -0.001 -16"><span class='ocrx_word' id='word_1_216' title='bbox 216 2575 289 2622; x_wconf 90' lang='lat' dir='ltr'>se</span> <span class='ocrx_word' id='word_1_217' title='bbox 318 2561 377 2619; x_wconf 91' lang='lat' dir='ltr'>in</span> <span class='ocrx_word' id='word_1_218' title='bbox 407 2559 607 2619; x_wconf 87' lang='lat' dir='ltr'>animo</span> <span class='ocrx_word' id='word_1_219' title='bbox 637 2559 929 2620; x_wconf 88' lang='lat' dir='ltr'>habuisse</span> <span class='ocrx_word' id='word_1_220' title='bbox 958 2566 1086 2621; x_wconf 87' lang='lat' dir='ltr'>tota</span> <span class='ocrx_word' id='word_1_221' title='bbox 1114 2561 1317 2620; x_wconf 89' lang='lat' dir='ltr'>classe</span> <span class='ocrx_word' id='word_1_222' title='bbox 1336 2558 1645 2634; x_wconf 87' lang='lat' dir='ltr'>Ephesum</span> <span class='ocrx_word' id='word_1_223' title='bbox 1674 2567 1900 2636; x_wconf 90' lang='lat' dir='ltr'>petere,</span> <span class='ocrx_word' id='word_1_224' title='bbox 1932 2564 1993 2621; x_wconf 89' lang='lat' dir='ltr'>et</span> <span class='ocrx_word' id='word_1_225' title='bbox 2023 2575 2165 2620; x_wconf 88' lang='lat' dir='ltr'>one-</span> 
     </span>
     <span class='ocr_line' id='line_1_29' title="bbox 213 2643 2168 2718; baseline -0.002 -14"><span class='ocrx_word' id='word_1_226' title='bbox 213 2643 411 2704; x_wconf 79' lang='grc'><strong>131133</strong></span> <span class='ocrx_word' id='word_1_227' title='bbox 444 2643 668 2703; x_wconf 83' lang='grc'><strong>11113313</strong></span> <span class='ocrx_word' id='word_1_228' title='bbox 697 2643 881 2704; x_wconf 90' lang='lat' dir='ltr'>multa</span> <span class='ocrx_word' id='word_1_229' title='bbox 910 2643 1169 2704; x_wconf 89' lang='lat' dir='ltr'>saburra</span> <span class='ocrx_word' id='word_1_230' title='bbox 1193 2649 1478 2718; x_wconf 82' lang='lat' dir='ltr'>gravatas</span> <span class='ocrx_word' id='word_1_231' title='bbox 1492 2688 1509 2716; x_wconf 91' lang='lat'><strong>,</strong></span> <span class='ocrx_word' id='word_1_232' title='bbox 1539 2649 1724 2718; x_wconf 85' lang='lat' dir='ltr'>atque</span> <span class='ocrx_word' id='word_1_233' title='bbox 1752 2658 1859 2703; x_wconf 90' lang='lat' dir='ltr'>eas</span> <span class='ocrx_word' id='word_1_234' title='bbox 1888 2643 1951 2702; x_wconf 93' lang='lat' dir='ltr'>in</span> <span class='ocrx_word' id='word_1_235' title='bbox 1982 2643 2168 2705; x_wconf 83' lang='lat' dir='ltr'>fauci-</span> 
     </span>
     <span class='ocr_line' id='line_1_30' title="bbox 215 2726 2166 2801; baseline 0 -14"><span class='ocrx_word' id='word_1_236' title='bbox 215 2728 333 2787; x_wconf 90' lang='lat' dir='ltr'>bus</span> <span class='ocrx_word' id='word_1_237' title='bbox 364 2731 578 2800; x_wconf 90' lang='lat' dir='ltr'>portus</span> <span class='ocrx_word' id='word_1_238' title='bbox 609 2727 1007 2801; x_wconf 89' lang='lat' dir='ltr'>supprimere.</span> <span class='ocrx_word' id='word_1_239' title='bbox 1072 2732 1132 2787; x_wconf 90' lang='lat' dir='ltr'>et</span> <span class='ocrx_word' id='word_1_240' title='bbox 1160 2741 1234 2787; x_wconf 90' lang='lat' dir='ltr'>eo</span> <span class='ocrx_word' id='word_1_241' title='bbox 1264 2727 1516 2788; x_wconf 89' lang='lat' dir='ltr'>minoris</span> <span class='ocrx_word' id='word_1_242' title='bbox 1545 2726 1871 2787; x_wconf 89' lang='lat' dir='ltr'>molimenti</span> <span class='ocrx_word' id='word_1_243' title='bbox 1901 2742 1977 2786; x_wconf 89' lang='lat' dir='ltr'>ea</span> <span class='ocrx_word' id='word_1_244' title='bbox 2004 2727 2166 2787; x_wconf 89' lang='lat' dir='ltr'>clau-</span> 
     </span>
     <span class='ocr_line' id='line_1_31' title="bbox 215 2809 2167 2885; baseline -0.001 -15"><span class='ocrx_word' id='word_1_245' title='bbox 215 2815 346 2870; x_wconf 87' lang='lat' dir='ltr'>stra</span> <span class='ocrx_word' id='word_1_246' title='bbox 385 2823 558 2882; x_wconf 88' lang='lat' dir='ltr'>esse,</span> <span class='ocrx_word' id='word_1_247' title='bbox 605 2809 774 2884; x_wconf 90' lang='lat' dir='ltr'>quod</span> <span class='ocrx_word' id='word_1_248' title='bbox 816 2809 876 2870; x_wconf 93' lang='lat' dir='ltr'>in</span> <span class='ocrx_word' id='word_1_249' title='bbox 907 2809 1172 2870; x_wconf 83' lang='lat' dir='ltr'>fluminis</span> <span class='ocrx_word' id='word_1_250' title='bbox 1201 2811 1447 2871; x_wconf 89' lang='lat' dir='ltr'>modum</span> <span class='ocrx_word' id='word_1_251' title='bbox 1478 2812 1724 2885; x_wconf 82' lang='lat' dir='ltr'>longum</span> <span class='ocrx_word' id='word_1_252' title='bbox 1757 2817 1818 2870; x_wconf 90' lang='lat' dir='ltr'>et</span> <span class='ocrx_word' id='word_1_253' title='bbox 1845 2815 2167 2885; x_wconf 80' lang='lat' dir='ltr'>angustum</span> 
     </span>
     <span class='ocr_line' id='line_1_32' title="bbox 213 2893 2167 2968; baseline 0.002 -17"><span class='ocrx_word' id='word_1_254' title='bbox 213 2900 277 2951; x_wconf 88' lang='lat' dir='ltr'>et</span> <span class='ocrx_word' id='word_1_255' title='bbox 317 2893 618 2952; x_wconf 88' lang='lat' dir='ltr'>vadosum</span> <span class='ocrx_word' id='word_1_256' title='bbox 666 2893 885 2954; x_wconf 89' lang='lat' dir='ltr'>ostium</span> <span class='ocrx_word' id='word_1_257' title='bbox 928 2899 1139 2968; x_wconf 90' lang='lat' dir='ltr'>portus</span> <span class='ocrx_word' id='word_1_258' title='bbox 1183 2893 1279 2954; x_wconf 86' lang='lat' dir='ltr'>sit.</span> <span class='ocrx_word' id='word_1_259' title='bbox 1352 2893 1434 2953; x_wconf 88' lang='lat' dir='ltr'>ita</span> <span class='ocrx_word' id='word_1_260' title='bbox 1473 2895 1892 2968; x_wconf 88' lang='lat' dir='ltr'>adempturum</span> <span class='ocrx_word' id='word_1_261' title='bbox 1934 2909 2004 2954; x_wconf 89' lang='lat' dir='ltr'>se</span> <span class='ocrx_word' id='word_1_262' title='bbox 2043 2909 2167 2954; x_wconf 86' lang='lat' dir='ltr'>ma-</span> 
     </span>
     <span class='ocr_line' id='line_1_33' title="bbox 213 2974 2160 3051; baseline 0 -17"><span class='ocrx_word' id='word_1_263' title='bbox 213 2975 304 3034; x_wconf 87' lang='lat' dir='ltr'>ris</span> <span class='ocrx_word' id='word_1_264' title='bbox 341 2991 521 3035; x_wconf 90' lang='lat' dir='ltr'>usum</span> <span class='ocrx_word' id='word_1_265' title='bbox 562 2974 841 3036; x_wconf 89' lang='lat' dir='ltr'>hostibus</span> <span class='ocrx_word' id='word_1_266' title='bbox 887 2977 1078 3036; x_wconf 81' lang='lat' dir='ltr'>fuisse</span> <span class='ocrx_word' id='word_1_267' title='bbox 1119 2976 1514 3051; x_wconf 90' lang='lat' dir='ltr'>inutilemque</span> <span class='ocrx_word' id='word_1_268' title='bbox 1555 2977 1815 3036; x_wconf 86' lang='lat' dir='ltr'>classem</span> <span class='ocrx_word' id='word_1_269' title='bbox 1848 2978 2160 3036; x_wconf 82' lang='lat' dir='ltr'>facturum.</span> 
     </span>
     <span class='ocr_line' id='line_1_34' title="bbox 219 3057 2164 3134; baseline -0.001 -15"><span class='ocrx_word' id='word_1_270' title='bbox 219 3058 346 3119; x_wconf 79' lang='lat' dir='ltr'>XV.</span> <span class='ocrx_word' id='word_1_271' title='bbox 403 3058 548 3118; x_wconf 88' lang='lat' dir='ltr'>nulli</span> <span class='ocrx_word' id='word_1_272' title='bbox 587 3075 664 3119; x_wconf 90' lang='lat' dir='ltr'>ea</span> <span class='ocrx_word' id='word_1_273' title='bbox 706 3061 950 3134; x_wconf 87' lang='lat' dir='ltr'>placere</span> <span class='ocrx_word' id='word_1_274' title='bbox 991 3061 1310 3119; x_wconf 87' lang='lat' dir='ltr'>sententia.</span> <span class='ocrx_word' id='word_1_275' title='bbox 1372 3059 1676 3118; x_wconf 90' lang='lat' dir='ltr'>Eumenes</span> <span class='ocrx_word' id='word_1_276' title='bbox 1704 3073 1817 3117; x_wconf 91' lang='lat' dir='ltr'>rex</span> <span class='ocrx_word' id='word_1_277' title='bbox 1847 3057 2164 3132; x_wconf 89' lang='lat' dir='ltr'>quaesivit,</span> 
     </span>
     <span class='ocr_line' id='line_1_35' title="bbox 215 3140 2168 3216; baseline -0.002 -14"><span class='ocrx_word' id='word_1_278' title='bbox 215 3140 364 3216; x_wconf 90' lang='lat' dir='ltr'>quid</span> <span class='ocrx_word' id='word_1_279' title='bbox 407 3141 693 3203; x_wconf 67' lang='lat' dir='ltr'>tandem?</span> <span class='ocrx_word' id='word_1_280' title='bbox 753 3143 855 3202; x_wconf 87' lang='lat' dir='ltr'>ubi</span> <span class='ocrx_word' id='word_1_281' title='bbox 898 3142 1196 3202; x_wconf 89' lang='lat' dir='ltr'>demersis</span> <span class='ocrx_word' id='word_1_282' title='bbox 1238 3140 1497 3201; x_wconf 88' lang='lat' dir='ltr'>navibus</span> <span class='ocrx_word' id='word_1_283' title='bbox 1530 3141 1875 3201; x_wconf 82' lang='lat' dir='ltr'>frenassent</span> <span class='ocrx_word' id='word_1_284' title='bbox 1904 3143 2168 3202; x_wconf 86' lang='lat' dir='ltr'>claustra</span> 
     </span>
     <span class='ocr_line' id='line_1_36' title="bbox 211 3222 2167 3296; baseline 0.001 -13"><span class='ocrx_word' id='word_1_285' title='bbox 211 3225 432 3296; x_wconf 76' lang='lat' dir='ltr'>marie,</span> <span class='ocrx_word' id='word_1_286' title='bbox 477 3230 672 3284; x_wconf 87' lang='lat' dir='ltr'>utrum</span> <span class='ocrx_word' id='word_1_287' title='bbox 709 3225 900 3285; x_wconf 90' lang='lat' dir='ltr'>libera</span> <span class='ocrx_word' id='word_1_288' title='bbox 928 3240 1044 3284; x_wconf 89' lang='lat' dir='ltr'>sua</span> <span class='ocrx_word' id='word_1_289' title='bbox 1071 3225 1281 3284; x_wconf 89' lang='lat' dir='ltr'>classe·</span> <span class='ocrx_word' id='word_1_290' title='bbox 1306 3222 1657 3283; x_wconf 89' lang='lat' dir='ltr'>abscessuri</span> <span class='ocrx_word' id='word_1_291' title='bbox 1687 3223 1829 3282; x_wconf 91' lang='lat' dir='ltr'>inde</span> <span class='ocrx_word' id='word_1_292' title='bbox 1860 3225 2057 3284; x_wconf 82' lang='lat' dir='ltr'>forent</span> <span class='ocrx_word' id='word_1_293' title='bbox 2086 3226 2167 3284; x_wconf 81' lang='lat' dir='ltr'>ad</span> 
     </span>
     <span class='ocr_line' id='line_1_37' title="bbox 213 3305 2167 3381; baseline -0.001 -13"><span class='ocrx_word' id='word_1_294' title='bbox 213 3321 398 3381; x_wconf 88' lang='lat' dir='ltr'>opem</span> <span class='ocrx_word' id='word_1_295' title='bbox 425 3307 737 3367; x_wconf 80' lang='lat' dir='ltr'>serendam</span> <span class='ocrx_word' id='word_1_296' title='bbox 769 3308 956 3370; x_wconf 88' lang='lat' dir='ltr'>sociis</span> <span class='ocrx_word' id='word_1_297' title='bbox 986 3316 1403 3381; x_wconf 88' lang='lat' dir='ltr'>terroremque</span> <span class='ocrx_word' id='word_1_298' title='bbox 1424 3305 1705 3368; x_wconf 88' lang='lat' dir='ltr'>hostibus</span> <span class='ocrx_word' id='word_1_299' title='bbox 1729 3306 2167 3381; x_wconf 76' lang='lat' dir='ltr'>praebendum,</span> 
     </span>
     <span class='ocr_line' id='line_1_38' title="bbox 213 3387 2168 3466; baseline 0.001 -18"><span class='ocrx_word' id='word_1_300' title='bbox 213 3405 290 3449; x_wconf 86' lang='lat' dir='ltr'>an</span> <span class='ocrx_word' id='word_1_301' title='bbox 320 3389 507 3449; x_wconf 86' lang='lat' dir='ltr'>nihilo</span> <span class='ocrx_word' id='word_1_302' title='bbox 552 3390 752 3450; x_wconf 88' lang='lat' dir='ltr'>minus</span> <span class='ocrx_word' id='word_1_303' title='bbox 794 3397 918 3453; x_wconf 91' lang='lat' dir='ltr'>tota</span> <span class='ocrx_word' id='word_1_304' title='bbox 948 3392 1150 3451; x_wconf 90' lang='lat' dir='ltr'>classe</span> <span class='ocrx_word' id='word_1_305' title='bbox 1181 3398 1423 3466; x_wconf 87' lang='lat' dir='ltr'>portum</span> <span class='ocrx_word' id='word_1_306' title='bbox 1451 3390 1811 3451; x_wconf 67' lang='lat' dir='ltr'>obsessuri?</span> <span class='ocrx_word' id='word_1_307' title='bbox 1848 3387 1978 3448; x_wconf 90' lang='lat' dir='ltr'>sive</span> <span class='ocrx_word' id='word_1_308' title='bbox 2007 3390 2168 3450; x_wconf 88' lang='lat' dir='ltr'>enim</span> 
     </span>
     <span class='ocr_line' id='line_1_39' title="bbox 213 3470 2168 3549; baseline 0.002 -19"><span class='ocrx_word' id='word_1_309' title='bbox 213 3470 566 3546; x_wconf 85' lang='lat' dir='ltr'>abscedant,</span> <span class='ocrx_word' id='word_1_310' title='bbox 596 3474 692 3535; x_wconf 83' lang='lat' dir='ltr'>cui</span> <span class='ocrx_word' id='word_1_311' title='bbox 717 3473 964 3540; x_wconf 86' lang='lat' dir='ltr'>dubium</span> <span class='ocrx_word' id='word_1_312' title='bbox 988 3489 1146 3537; x_wconf 77' lang='lat' dir='ltr'>esse·</span> <span class='ocrx_word' id='word_1_313' title='bbox 1177 3474 1319 3549; x_wconf 87' lang='lat' dir='ltr'>quin</span> <span class='ocrx_word' id='word_1_314' title='bbox 1345 3474 1556 3536; x_wconf 86' lang='lat' dir='ltr'>hostes</span> <span class='ocrx_word' id='word_1_315' title='bbox 1581 3471 1905 3534; x_wconf 86' lang='lat' dir='ltr'>extracturi</span> <span class='ocrx_word' id='word_1_316' title='bbox 1934 3471 2168 3533; x_wconf 84' lang='lat' dir='ltr'>demer-</span> 
     </span>
    </p>

    <p class='ocr_par' dir='ltr' id='par_1_4' title="bbox 299 3557 1762 3619">
     <span class='ocr_line' id='line_1_40' title="bbox 299 3557 1762 3619; baseline 0.004 -7"><span class='ocrx_word' id='word_1_317' title='bbox 299 3571 350 3612; x_wconf 79' lang='grc' dir='ltr'>τ.</span> <span class='ocrx_word' id='word_1_318' title='bbox 385 3570 505 3612; x_wconf 77' lang='lat' dir='ltr'>mvi</span> <span class='ocrx_word' id='word_1_319' title='bbox 539 3571 689 3618; x_wconf 66' lang='lat' dir='ltr'>rans</span> <span class='ocrx_word' id='word_1_320' title='bbox 722 3557 830 3615; x_wconf 82' lang='lat' dir='ltr'>w.</span> <span class='ocrx_word' id='word_1_321' title='bbox 1697 3563 1762 3619; x_wconf 90' lang='lat'>18</span> 
     </span>
    </p>
   </div>
  </div>
 </body>
</html>
