2548 3950
667 232 897 292 LIBER
917 231 1182 292 XXXIV.
1229 233 1395 292 CAP.
1421 241 1469 294 1.
1494 243 1547 294 2.
1588 241 1659 308 [a.
1685 239 1896 308 (3.195]
2140 237 2261 306 125
2306 229 2313 239 '

407 386 576 446 fleret,
609 383 728 438 Sex.
754 386 930 436 Aelius
955 387 1140 436 Paetus
1167 393 1217 436 et
1247 383 1299 438 C.
1334 385 1595 436 Cornelius
1628 386 1880 454 Cethegus
1915 403 2152 440 censores
2184 391 2261 444 in-

405 461 731 508 tervenerunt
767 469 882 508 cnm
921 455 1268 518 indignatione
1302 455 1482 520 plebis.
1538 455 1763 506 coloniae
1796 456 2069 521 pleraeque
2103 459 2259 511 dedu·

404 534 515 580 ctae
535 531 668 577 sunt.
706 523 772 575 M.
793 523 1002 574 Porcius
1029 522 1150 572 Cato
1171 523 1235 573 de
1257 523 1505 588 Hispania
1522 523 1865 588 triumphavit.
1918 526 1971 578 T.
1998 525 2259 586 Quinctius

403 593 740 652 Flamininus,
775 591 863 654 qui
883 589 1172 656 Philippum
1197 591 1531 642 Macedonum
1556 607 1728 658 regem
1753 601 1803 642 et
1828 593 2076 644 Nabidem
2102 595 2258 646 Lace-

405 660 790 712 daemoniorum
816 667 1082 727 tyrannum
1105 660 1297 710 vicerat
1315 659 1676 723 Graeciamque
1706 676 1907 712 omnem
1937 663 2254 724 liberaverat,

407 731 477 782 ob
491 729 624 781 hauc
646 743 816 781 rerum
837 736 1096 795 gestarum
1126 727 1499 781 multitudinem
1521 730 1687 780 triduo
1709 730 2051 796 triumphavit.
2102 731 2259 798 legati

401 796 896 866 Carthaginiensium
926 797 1285 851 nuntiaverunt
1323 797 1679 861 Hannibalem,
1722 799 1809 864 qui
1848 799 1917 850 ad
1950 800 2257 853 Antiochum

403 867 729 934 confugerat,
767 864 956 916 bellum
983 881 1098 914 cum
1129 881 1190 915 eo
1216 865 1399 916 moliri.
1453 875 1783 930 temptaverat
1813 876 1982 918 autem
2007 869 2257 918 Hannibal

399 950 495 1000 per
511 936 798 986 Aristonem
816 935 1040 1000 Tyrium,
1061 934 1172 984 sine
1188 933 1365 984 litteris
1386 933 1744 1000 Carthaginem
1758 937 1991 1000 missum,
2012 937 2081 986 ad
2097 938 2256 988 rebel-

401 1004 611 1055 landum
627 1005 824 1054 Poenos
849 1003 1120 1053 concitare.

466 1116 513 1181 1,
568 1116 730 1178 Inter
773 1117 1075 1184 bellorum
1115 1133 1473 1196 magnorum
1514 1124 1619 1178 aut
1655 1117 1907 1181 vixdum
1948 1117 2253 1178 finitorum

291 1205 406 1264 aut
441 1200 880 1266 imminentium
921 1217 1099 1266 curas
1140 1198 1488 1262 intercessit
1524 1217 1625 1262 res
1668 1217 1862 1276 parva
1902 1201 2097 1274 dictu,
2141 1205 2253 1262 sed

294 1299 462 1360 quae
500 1282 721 1352 studiis
751 1283 812 1347 in
840 1300 1128 1360 magnum
1166 1291 1472 1346 certamen
1502 1285 1857 1345 excesserit.
1900 1283 1981 1344 M.
2011 1284 2251 1344 Funda-

290 1366 443 1434 nius
483 1376 545 1433 et
569 1369 638 1429 L.
666 1368 956 1430 Valerius
995 1367 1219 1429 tribuni
1259 1364 1463 1444 plebei
1503 1369 1581 1428 ad
1613 1367 1854 1440 plebem
1882 1370 2148 1436 tulerunt
2177 1369 2253 1426 de

295 1449 498 1528 Oppia
537 1453 674 1528 lege
713 1451 1089 1526 abroganda,
1161 1453 1381 1515 tulerat
1422 1464 1554 1510 eam
1599 1451 1659 1510 C.
1694 1449 1931 1526 Oppius
1972 1450 2253 1512 tribunus

273 1599 278 1606 ,
290 1534 504 1610 plebis.
520 1533 588 1610 Q.
609 1531 800 1599 Fabio
821 1533 908 1598 Ti.
937 1533 1299 1612 Sempronio
1325 1533 1701 1608 consulibUS,
1722 1533 1785 1592 in
1806 1533 2008 1593 medio
2032 1533 2253 1594 ardore
2332 1534 2334 1536 ’

291 1615 508 1685 Punici
539 1618 699 1692 belli,
746 1634 826 1684 ne
856 1635 980 1694 qua
1005 1619 1221 1680 mulier
1249 1618 1391 1694 plus
1420 1617 1796 1684 semunciam
1824 1616 1955 1676 auri
1980 1616 2251 1691 haberet,

292 1716 425 1768 neu.
452 1702 812 1768 vestimento
850 1699 1213 1768 versicolori
1241 1707 1541 1774 uteretur,
1582 1717 1702 1761 neu
1730 1699 1935 1762 iuncto
1965 1697 2249 1762 vehiculo

289 1781 360 1852 in
409 1785 562 1852 urbe
609 1785 922 1862 oppidove
971 1792 1075 1849 aut
1125 1783 1384 1862 propius
1432 1784 1575 1845 inde
1613 1784 1775 1844 mille
1824 1799 2081 1860 passus,
2134 1783 2249 1845 nisi

290 1883 612 1936 sacrorum
659 1868 1047 1946 publicorum
1075 1885 1308 1942 causa,
1358 1867 1699 1931 veheretur.
1769 1866 1851 1926 M.
1895 1873 1955 1928 et
1993 1866 2057 1926 P.
2098 1867 2249 1927 Iunii

287 1949 471 2015 Bruti
491 1951 715 2021 tribuni
743 1952 942 2028 plebis
967 1953 1170 2029 legem
1203 1953 1463 2029 Oppiam
1492 1950 1829 2027 tuebantur,
1870 1965 1987 2013 nec
2014 1966 2147 2012 eam
2178 1967 2251 2012 se

290 2036 578 2113 abrogari
599 2052 901 2113 passuros
924 2037 1198 2108 aiebant;
1229 2038 1311 2099 ad
1332 2036 1715 2100 suadendum
1738 2036 2247 2098 dissuadendum-

293 2134 420 2195 que
461 2121 630 2184 multi
668 2120 910 2181 nobiles
940 2120 1299 2196 prodibant;
1344 2117 1705 2197 Capitolium
1732 2119 1912 2183 turba
1936 2119 2250 2179 hominum

290 2204 626 2271 faventium
668 2204 1250 2281 adversantiumque
1287 2203 1413 2277 legi
1446 2203 1896 2277 complebatur3
1939 2208 2249 2263 matronae

287 2287 467 2353 nulla
489 2303 604 2349 nec
633 2286 991 2352 anctoritate
1019 2303 1134 2349 nec
1162 2286 1539 2353 verecundia
1559 2300 1674 2345 nec
1696 2284 1952 2361 imperio
1978 2284 2249 2345 virorum

289 2371 590 2434 contineri
627 2372 834 2435 limine
875 2379 1188 2449 poteram
1235 2370 1434 2432 omnis
1470 2368 1615 2429 vias·
1632 2367 1803 2431 urbis
1834 2367 2158 2443 aditusque
2186 2369 2247 2427 in

287 2456 494 2523 forum
535 2455 928 2530 obsidebant,
971 2456 1140 2517 viros
1179 2453 1615 2516 descendentis
1644 2452 1723 2511 ad
1752 2453 1949 2513 forum
1980 2458 2248 2526 orantcS,

285 2544 360 2603 ut
385 2536 643 2607 florente
680 2554 750 2599 re
787 2538 1062 2615 publica,
1104 2544 1421 2603 crescente
1459 2536 1521 2597 ln
1552 2536 1685 2599 dies
1714 2536 1953 2613 privata
1982 2536 2249 2597 omnium

287 2622 564 2699 fortuna,
607 2623 905 2686 matronis
937 2638 1186 2699 quoque
1215 2622 1539 2699 pristinum
1568 2628 1847 2684 ornatum
1874 2620 2049 2691 reddi
2079 2627 2247 2695 pate·

285 2711 518 2771 rentur.
553 2706 892 2781 augebatur
918 2705 1072 2767 haec
1101 2706 1445 2782 frequentia
1471 2705 1791 2771 mulierum
1818 2704 1880 2764 in
1911 2704 2076 2765 dies:
2107 2720 2249 2764 nam

288 2788 470 2854 etiam
513 2806 594 2851 ex
634 2789 881 2866 oppidis
925 2786 1975 2867 conciliabulisqueconveniebant.
2040 2788 2159 2848 iam
2189 2794 2259 2852 et

289 2874 580 2939 consules
609 2882 1054 2951 praetoresque
1077 2880 1138 2935 et
1161 2874 1317 2935 alios
1340 2874 1731 2949 magistratus
1753 2870 1926 2933 adire
1949 2879 2010 2934 et
2027 2887 2249 2947 rogare

289 2955 629 3018 audebantz
694 2964 964 3017 ceterum
1012 2954 1258 3017 minime
1309 2957 1684 3025 exorabilem
1733 2958 1988 3019 alterum
2036 2956 2248 3030 utique

289 3042 610 3107 consulem
650 3040 732 3104 Μ.
771 3040 1050 3104 Porcium
1097 3042 1385 3104 Catonem
1424 3041 1761 3114 habebant,
1813 3039 1918 3114 qui
1958 3054 2071 3113 pro
2112 3039 2249 3112 lege

289 3140 452 3199 quae
481 3124 890 3201 abrogabatur
915 3126 1000 3187 ita
1028 3125 1337 3187 disseruit.
1379 3126 1451 3186 11.
1498 3123 1595 3199 „si
1622 3124 1685 3184 in
1714 3138 1829 3186 sua
1852 3122 2116 3196 quisque
2138 3137 2245 3181 no-

287 3214 486 3272 strum
513 3217 706 3270 matre
736 3209 1014 3284 familiae,
1038 3208 1322 3283 Quirites,
1352 3207 1451 3269 ius
1480 3216 1543 3268 et
1568 3205 1948 3272 maiestatem
1974 3205 2089 3265 viri
2106 3205 2247 3265 reti-

283 3306 438 3353 nere
483 3292 878 3367 instituisset,
935 3294 1136 3356 minus
1188 3308 1327 3353 cum
1376 3289 1683 3353 universis
1730 3287 1972 3349 feminis
2022 3287 2247 3363 negotii

281 3375 656 3440 haberemus
672 3400 688 3432 ε
743 3393 906 3438 nunc
948 3377 1111 3438 domi
1154 3377 1313 3439 victa
1351 3375 1601 3437 libertas
1643 3380 1853 3437 nostra
1892 3372 2249 3449 impotentia

283 3458 570 3523 muliebri
596 3460 697 3522 hic
727 3476 977 3537 quoque
1006 3461 1070 3519 in
1097 3462 1231 3521 foro
1263 3458 1557 3522 obteritur
1586 3466 1645 3519 et
1674 3459 1971 3533 calcatur,
2015 3462 2077 3519 et
2106 3456 2249 3533 quia
2312 3456 2315 3461 “
