2548 3950
305 228 386 293 72
425 227 656 288 LIBER
675 227 911 288 xxxii.
945 227 1108 286 CAP.
1131 235 1218 288 26.
1242 234 1329 288 27.
1354 233 1439 286 28.
1473 232 1544 300 [a.
1564 231 1631 283 υ.
1650 248 1697 283 0.
1714 231 1837 287 554.
1860 248 1910 284 a.
1928 231 1991 284 c.
2008 233 2133 300 198]

307 394 468 438 noxa
499 385 688 448 crant,
721 376 1090 450 supplicium
1118 375 1397 450 sumpsit.
1442 376 1505 434 in
1533 376 1749 436 timore
1772 377 1984 438 civitas
2011 379 2122 439 fuit
2152 381 2260 439 ol>-

305 463 474 522 sides
519 461 922 534 captivosque
950 459 1295 520 Poenorum
1325 475 1399 522 ea
1427 460 1640 520 moliri.
1705 460 1913 535 itaque
1942 470 2003 523 ct
2026 463 2263 524 Romae

305 545 546 620 vigiliae
572 559 684 619 per
701 543 876 604 vicos
901 549 1196 618 servatae,
1221 543 1501 619 iussique
1520 544 1837 604 circumire
1860 561 1967 604 eas
1990 546 2261 608 minores

305 629 724 704 magistratus3
755 635 815 688 et
834 627 1126 688 triumviri
1148 627 1413 687 carceris
1436 628 1858 688 lautumiarum
1882 629 2263 690 intentiorem

307 712 645 773 custodiam
685 711 912 772 habere
952 711 1137 780 iussi;
1183 719 1242 770 et
1270 710 1433 771 circa
1460 727 1683 772 nomen
1710 710 1985 774 Latinum
2019 730 2059 774 a
2083 729 2259 789 prae-

305 804 437 858 torc
465 797 697 856 litterae
726 796 982 867 missac,
1025 801 1182 855 utet
1209 794 1459 855 obsides
1491 797 1551 854 in
1582 795 1816 870 privato
1850 804 2262 870 servarentur,

307 895 508 955 neque
535 879 596 938 in
627 879 938 954 publicum
967 878 1313 952 prodeundi
1344 879 1597 940 facultas
1629 879 1905 953 daretur,
1948 888 2008 941 et
2036 881 2259 956 captivi

308 980 382 1023 ue
423 964 622 1022 minus
667 965 880 1023 decem
920 963 1128 1037 pondo
1176 963 1576 1036 compedibus
1616 961 1804 1024 vincti
1845 963 1907 1022 in
1950 965 2116 1024 nulla
2144 965 2261 1024 alia

309 1064 490 1122 quam
519 1048 577 1106 in
610 1047 874 1108 carceris
907 1045 1130 1121 publici
1162 1046 1442 1106 custodia
1472 1053 1700 1106 essent.

471 1130 713 1189 XXVII.
755 1130 990 1190 Eodem
1031 1145 1192 1188 anno
1235 1131 1418 1203 legati
1456 1131 1533 1188 ab
1559 1145 1709 1204 rege
1734 1132 1939 1191 Attalo
1972 1147 2262 1192 coronam

306 1227 554 1274 auream
585 1213 911 1273 ducentum
942 1213 1344 1288 quadraginta
1372 1229 1486 1273 sex
1509 1214 1720 1287 pondo
1746 1213 1807 1273 in
1831 1214 2126 1288 Capitolio
2152 1232 2259 1290 po-

307 1304 576 1370 suerunt,
605 1297 960 1372 gratiasque
989 1296 1224 1356 senatui
1257 1312 1471 1371 egere,
1502 1299 1671 1372 quod
1697 1298 2067 1370 AntiochuS,
2100 1299 2260 1373 lega-

309 1390 506 1452 torum
530 1383 946 1442 Romanorum
975 1381 1333 1442 auctoritate
1362 1387 1581 1456 motuS,
1618 1381 1843 1442 finibus
1870 1383 2059 1442 Attali
2088 1398 2263 1442 exer-

308 1467 491 1525 citum
521 1465 902 1526 deduxisset.

473 1547 703 1608 Eadem
736 1557 967 1609 aestate
997 1548 1234 1622 equites
1265 1548 1512 1609 ducenti
1542 1557 1601 1608 et
1629 1549 1935 1624 elephanti
1963 1549 2175 1608 decem
2204 1558 2263 1610 et

309 1632 485 1692 tritici
525 1632 791 1690 modium
838 1632 1101 1691 ducenta
1139 1631 1304 1690 milia
1338 1632 1415 1691 ab
1444 1648 1593 1708 rege
1620 1631 1951 1692 Masinissa
1978 1633 2059 1692 ad
2088 1648 2256 1690 excr-

309 1716 520 1788 citum‚
569 1715 670 1789 qui
701 1714 762 1774 in
797 1715 1052 1775 Graecia
1080 1721 1240 1788 erat,
1284 1724 1711 1789 pervenerunt.
1778 1717 1919 1776 item
1950 1732 2030 1775 ex
2058 1714 2265 1776 Sicilia

309 1797 715 1873 Sardiniaque
769 1799 970 1873 magni
1023 1807 1399 1859 commeatus
1454 1805 1514 1858 et
1562 1800 1925 1862 vestimenta
1972 1801 2267 1860 exercitui

310 1882 520 1943 missa.
567 1881 834 1942 Siciliam
865 1882 945 1942 Μ.
975 1881 1321 1956 Marcellus,
1354 1881 1699 1944 Sardiniam
1725 1884 1805 1943 M.
1836 1883 2087 1944 Porcius
2119 1884 2266 1944 Cato

312 1965 648 2040 obtinebat,
691 1973 941 2027 sanctus
975 1973 1036 2027 et
1064 1967 1392 2041 innocens,
1422 1967 1703 2042 asperior
1732 1978 1933 2031 tamen
1962 1967 2022 2026 in
2054 1968 2271 2028 fenore

309 2051 655 2110 coercendo
696 2050 960 2111 habitus.
1031 2051 1347 2126 fugatique
1390 2066 1469 2111 ex
1512 2053 1713 2113 insula
1748 2054 2157 2125 feneratoreS,
2208 2061 2269 2113 et
2309 2096 2319 2107 .

309 2139 620 2208 sumptuS,
672 2150 832 2209 quos
882 2136 942 2193 in
1001 2136 1223 2195 cultum
1263 2144 1613 2211 praetorum
1664 2135 1819 2196 socii
1859 2136 2063 2197 facere
2104 2136 2267 2195 soliti

307 2224 498 2292 erant,
529 2218 874 2280 circumcisi
902 2226 1008 2279 aut
1035 2218 1277 2280 sublati.

476 2301 619 2363 Sex.
649 2303 864 2364 Aelius
907 2305 1126 2364 consul
1168 2318 1248 2363 ex
1279 2302 1469 2364 Gallia
1511 2302 1889 2365 comitiorum
1926 2319 2117 2363 causa
2146 2304 2267 2364 Ro-

307 2400 468 2444 mam
499 2401 635 2445 cum
663 2387 956 2460 redisset,
1003 2387 1233 2447 creavit
1262 2388 1553 2448 consules
1585 2386 1647 2449 C.
1680 2387 2025 2449 Cornelium
2056 2387 2267 2447 Cethe·

306 2484 445 2543 gum
473 2476 532 2528 et
555 2468 622 2541 Q.
647 2468 976 2529 Minucium
993 2471 1238 2530 Rufum.
1269 2471 1460 2531 biduo
1484 2478 1630 2545 post
1650 2478 2001 2547 praetorum
2026 2471 2269 2531 comitia

307 2551 529 2611 habita.
587 2566 701 2611 sex
730 2560 1046 2626 praetores
1076 2554 1180 2614 illo
1211 2570 1371 2614 anno
1401 2554 1662 2629 primum
1692 2557 1895 2630 creati,
1941 2554 2267 2615 crescenti-

305 2635 424 2694 bus
465 2632 586 2693 iam
636 2635 968 2709 provinciis
1013 2645 1074 2698 et
1111 2638 1295 2698 latius
1335 2645 1694 2714 patescente
1734 2639 2011 2717 imperio.
2082 2637 2268 2699 creati

305 2726 508 2777 autem
557 2718 650 2777 hi=
719 2719 786 2777 L.
829 2719 1098 2781 Manlius
1140 2723 1337 2782 Vulso
1382 2723 1443 2781 C.
1488 2721 1891 2799 Sempronius
1930 2721 2269 2783 Tuditanus

303 2801 384 2859 Μ.
418 2800 670 2875 Sergius
703 2801 865 2863 Silus
893 2804 973 2865 Μ.
995 2805 1248 2866 Helvius
1277 2805 1357 2866 M.
1376 2805 1681 2867 Minucius
1708 2808 1907 2868 Rufus
1935 2806 2000 2867 L.
2024 2806 2271 2866 Atilius.

307 2883 708 2959 Sempronius
739 2894 800 2947 et
819 2887 1070 2949 Helvius
1103 2906 1180 2949 ex
1208 2890 1284 2948 iis
1306 2889 1538 2949 aediles
1565 2891 1759 2964 plebis
1784 2897 1975 2951 erant.
2020 2889 2269 2950 curules

305 2968 536 3029 aediles
577 2969 644 3042 Q.
675 2970 980 3032 Minucius
1019 2972 1317 3033 Thermus
1359 2979 1419 3032 ct
1444 2973 1529 3031 Ti.
1562 2972 1967 3050 Sempronius
1992 2972 2268 3047 Longus.

303 3052 428 3112 ludi
458 3054 718 3115 Romani
747 3070 822 3115 co
853 3072 1013 3117 anno
1047 3064 1260 3130 quater
1287 3056 1623 3117 instaurati.

467 3137 735 3199 XXVIII.
783 3138 844 3199 C.
862 3138 1140 3201 Cornelio
1166 3140 1306 3215 etQ.
1322 3139 1589 3201 Minucio
1609 3140 1970 3202 consulibus
1998 3139 2269 3200 omnium

306 3220 588 3295 primum
617 3223 696 3281 de
751 3222 1082 3297 provinciis
1139 3224 1489 3285 consulum.
1514 3233 1993 3299 praetorumque
2042 3230 2265 3283 actum.

307 3305 476 3378 prius
521 3304 600 3363 de
641 3305 1031 3379 praetoribus
1076 3313 1383 3368 transacta
1422 3322 1523 3369 res
1540 3352 1555 3381 ,
1599 3325 1762 3384 quae
1801 3308 2057 3383 transigi
2097 3312 2269 3368 sorte

307 3393 560 3461 poterat.
633 3388 872 3447 urbana
925 3388 1169 3462 Sergio,
1229 3391 1555 3467 peregrina
1609 3392 1945 3455 iurisdictio
1996 3389 2269 3453 Minucio

307 3471 550 3544 obtigit3
607 3467 951 3531 Sardiniam
991 3474 1238 3547 AtiliuS‚
1286 3474 1553 3535 Siciliam
1593 3476 1886 3551 Manlius,
1928 3476 2269 3553 Hispanias
