2548 3950
361 262 486 327 342
618 264 845 323 LIBER
873 262 1195 321 XXXVIII.
1242 260 1407 321 CAP.
1440 268 1526 321 25.
1549 268 1638 322 26.
1685 266 1758 332 [a.
1791 263 1858 315 U.
1891 282 1940 316 c.
1969 262 2094 330 563]

362 427 541 480 antea
582 416 892 492 praesidio
938 417 1207 492 equitum
1240 416 1512 491 quinque
1553 413 1717 475 milia
1755 416 1884 474 sere
1914 414 2338 490 processisset

360 518 477 563 nec
519 502 769 561 multum
799 516 837 559 a
863 502 1191 561 constituto
1224 495 1365 561 l'oco
1409 498 1684 571 abesset,
1726 505 1982 574 repente
2010 496 2334 559 concitatis

360 585 540 661 equis
571 600 709 646 cum
750 585 980 660 impetu
1020 584 1224 646 hostili
1264 583 1435 645 videt
1475 583 1683 644 Gallos
1725 579 2048 643 venientis,
2102 582 2332 643 consti·

366 670 477 731 tuit
516 684 765 743 agmen,
810 676 871 729 et
912 670 1207 743 expedire
1244 666 1369 729 tela
1407 667 1770 744 animosque
1799 665 2108 743 equitibus
2135 666 2330 728 iussis

364 755 559 828 primo
593 758 945 813 constanter
974 752 1205 812 initium
1233 766 1480 827 pugnae
1508 752 1762 827 accepit,
1793 764 1912 811 nec
1933 748 2154 820 cessit3
2188 751 2332 812 dein

364 853 503 897 cum
532 842 967 911 praegravaret
995 836 1329 911 multitudo,
1363 835 1586 896 cedere
1615 834 1847 896 sensim
1875 834 2022 895 nihil
2046 834 2328 896 confusis

364 930 691 981 turmarum
736 919 1051 981 ordinibus
1093 920 1328 996 coepit;
1376 925 1719 995 postremo,
1764 935 1901 981 cum
1944 919 2062 979 iam
2090 920 2238 994 plus
2267 919 2326 978 in

362 1020 535 1064 mora
573 1003 829 1079 periculi
872 1018 1053 1079 quam
1095 1005 1156 1063 in
1198 1003 1515 1066 ordinibus
1557 1003 2002 1065 conservandis
2029 1002 2328 1077 praesidii

360 1082 557 1160 esset,
603 1102 817 1147 omnes
859 1089 1091 1161 passim
1121 1088 1183 1146 in
1213 1088 1420 1161 fugam
1457 1085 1642 1149 effusi
1671 1094 1831 1149 sunt.
1899 1093 2028 1148 tum
2054 1101 2207 1147 vero
2237 1087 2328 1146 in·

362 1179 527 1231 stare
574 1170 889 1245 dissipatis
935 1170 1118 1245 Galli,
1172 1177 1231 1230 et
1272 1172 1567 1240 caedere;
1624 1185 1972 1247 magnaque
2020 1186 2170 1245 pars
2215 1186 2328 1246 op·

361 1268 584 1328 pressa
611 1254 795 1329 foret,
826 1252 890 1313 ni
918 1254 1099 1315 statio
1130 1253 1582 1329 pabulatorum,
1615 1257 1891 1319 sexcenti
1921 1256 2192 1329 equites,
2225 1270 2328 1314 oc-

362 1338 715 1399 currissent.
754 1336 794 1397 ii
818 1338 1032 1413 procul
1057 1338 1322 1399 clamore
1344 1339 1571 1413 pavido
1596 1356 1849 1402 suorum
1870 1339 2160 1399 exaudito
2189 1354 2330 1399 cum

361 1424 482 1482 tela
522 1436 846 1497 equosque
887 1422 1314 1498 expetiissent,
1366 1422 1584 1496 integri
1625 1420 2014 1499 profligatam
2054 1437 2328 1499 pugnam

360 1500 752 1581 acceperunt.
796 1505 1005 1581 itaque
1030 1522 1218 1566 versa
1244 1506 1551 1582 externplo
1583 1508 1825 1569 fortuna
1853 1514 1979 1579 est,
2009 1521 2236 1568 versus
2268 1506 2328 1565 in

360 1589 627 1649 victores
656 1605 695 1649 a
726 1588 903 1649 victis
944 1596 1156 1650 terror.
1231 1596 1294 1650 et
1319 1590 1518 1665 primo
1560 1591 1788 1667 impetu
1823 1591 1945 1652 susi
1975 1590 2128 1651 Galli
2161 1599 2326 1657 suut,

360 1680 423 1731 et
453 1687 530 1732 ex
561 1671 727 1746 agris
758 1673 1205 1735 concurrebant
1240 1674 1664 1749 pabulatores,
1706 1683 1767 1736 et
1795 1674 2069 1750 undique
2100 1672 2325 1734 obvius

360 1755 559 1815 hostis
591 1755 778 1816 Gallis
820 1762 981 1829 erat,
1022 1764 1089 1817 ut
1116 1774 1194 1816 ne
1222 1759 1428 1831 fugam
1459 1758 1704 1833 quidem
1736 1759 1974 1819 facilem
2003 1762 2108 1818 aut
2134 1764 2329 1819 tutam

358 1837 671 1913 haberent,
704 1838 847 1913 quia
873 1840 1221 1901 recentibus
1250 1840 1429 1917 equis
1457 1840 1720 1903 Romani
1747 1844 1951 1903 fessos
1971 1841 2328 1917 ‘sequeban-

358 1932 475 1983 tur.
521 1923 701 1999 pauci
730 1938 877 2000 ergo
910 1921 1271 2000 effugerunt.
1317 1933 1532 2000 captus
1559 1932 1654 1988 est
1675 1941 1888 1988 nemo:
1919 1926 2113 1987 maior
2133 1926 2326 1986 multo

249 2033 256 2040 ·
359 2022 508 2082 pars
538 2023 649 2083 per
676 2007 863 2068 fidem
893 2007 1097 2070 violati
1122 2010 1412 2086 colloquii
1433 2026 1672 2086 poenas
1693 2018 1890 2072 morte
1911 2011 2169 2071 luerunt.
2201 2010 2326 2072 Ro-

359 2091 523 2150 mani
552 2085 905 2153 ardentibus
934 2093 1025 2153 ira
1054 2093 1271 2152 animis
1302 2100 1553 2169 postero
1585 2096 1686 2156 die
1715 2094 1997 2155 omnibus
2020 2089 2222 2169 copiis
2247 2095 2326 2154 ad

355 2175 598 2235 hostem
630 2177 1009 2249 perveniunt.

526 2259 740 2319 XXVI.
796 2260 1060 2320 Biduum
1100 2267 1318 2322 natura
1354 2263 1576 2322 montis
1621 2275 1731 2335 per
1770 2276 1841 2320 se
1876 2259 2076 2337 ipsum
2108 2262 2324 2338 explo-

358 2343 570 2417 randa,
602 2358 682 2403 ne
714 2344 861 2418 quid
888 2343 1077 2418 ignoti
1107 2355 1305 2418 esset,
1337 2345 1681 2421 absumpsit
1709 2347 1946 2406 consul.
2017 2345 2192 2406 tertio
2225 2345 2327 2406 die

352 2443 501 2487 cum
552 2427 830 2502 auspicio
885 2442 1139 2503 operam
1181 2428 1488 2502 dedisset,
1541 2428 1767 2490 deinde
1806 2428 2216 2502 immolasset,
2259 2427 2326 2488 in

360 2517 645 2586 quattuor
668 2518 873 2587 partes
888 2510 1121 2572 divisas
1145 2513 1360 2588 copias
1376 2513 1597 2589 educit,
1623 2512 1778 2572 duas
1800 2519 1870 2574 ut
1889 2512 2092 2573 medio
2115 2521 2327 2574 monte

356 2596 639 2667 duceret,
686 2595 841 2656 duas
882 2595 960 2654 ab
1002 2594 1294 2658 lateribus
1324 2603 1391 2658 ut
1419 2597 1719 2657 adversus
1752 2612 1984 2657 cornua
2010 2595 2325 2657 Gallorum

358 2678 635 2750 erigeret.
681 2678 949 2739 hostium
980 2680 1149 2753 quod
1178 2680 1421 2741 roboris
1451 2687 1598 2754 erat,
1628 2679 1953 2756 Tectosagi
1979 2686 2041 2740 et
2058 2680 2322 2751 Trocmi,

356 2760 619 2820 mediam
635 2761 923 2821 tenebant
944 2762 1137 2821 aciem
1151 2763 1314 2824 milia
1325 2763 1638 2825 hominum
1653 2763 2115 2840 quinquaginta.
2147 2762 2323 2839 equi-

356 2851 576 2917 tatum,
621 2843 765 2919 quia
805 2859 1105 2917 equorum
1145 2847 1348 2907 nullus
1389 2856 1519 2909 erat
1557 2847 1714 2908 inter
1741 2848 2096 2925 inaequales
2129 2862 2322 2922 rupes

356 2942 529 3000 usuS,
555 2928 633 2988 ad
656 2928 850 3002 pedes
874 2927 1220 3001 deductum,
1235 2930 1450 2992 decem
1472 2931 1638 2991 milia
1657 2930 1987 3002 hominum,
2005 2931 2083 2990 ab
2105 2931 2322 2992 dextro

358 3013 719 3072 locaverunt
757 3026 971 3072 cornu.
1033 3010 1374 3075 Ariarathis
1407 3014 1814 3092 Cappadoces
1840 3022 1903 3075 et
1926 3014 2122 3076 Morzi
2148 3015 2325 3076 auxi·

354 3096 538 3157 liares
568 3095 627 3155 in
658 3098 834 3157 laevo
861 3103 1146 3172 quattuor
1167 3097 1358 3158 ferme
1379 3101 1605 3160 milium
1627 3114 1944 3160 numerum
1967 3098 2321 3173 explebant.

342 3182 603 3252 consul,
646 3181 807 3241 sicut
834 3180 894 3240 in
930 3179 1192 3258 Olympo
1223 3190 1457 3257 monte,
1497 3183 1692 3258 prima
1717 3181 1780 3243 in
1809 3183 1944 3244 acie
1971 3183 2172 3243 locata
2201 3182 2322 3244 levi

358 3269 691 3336 armatura,
735 3266 991 3324 telorum
1036 3264 1235 3326 omnis
1266 3266 1510 3341 generis
1539 3274 1607 3328 ut
1633 3281 1835 3341 aeque
1863 3281 2086 3342 magna
2113 3263 2211 3326 vis
2243 3265 2324 3325 ad

356 3362 602 3407 manum
632 3353 801 3408 esset
828 3348 1081 3409 curavit.
1122 3349 1228 3411 ubi
1251 3350 1844 3427 appropinquarunt,
1877 3351 2081 3412 omnia
2103 3350 2322 3411 eadem

356 3431 689 3505 utrimque,
737 3446 897 3504 quae
936 3433 1177 3494 fuerant
1214 3435 1276 3493 in
1318 3434 1522 3510 priore
1553 3435 1818 3510 proelio,
1862 3442 2036 3495 erant
2075 3439 2326 3509 praeter

358 3513 595 3572 animos
638 3521 697 3571 ct
740 3514 1069 3576 victoribus
1115 3517 1193 3575 ab
1234 3532 1302 3576 re
1353 3519 1628 3578 secunda
1675 3525 1994 3580 auctoset
2034 3515 2325 3577 hostibus
