2548 3950
309 226 435 292 ἐπι
631 227 868 286 LIBER
896 225 1192 285 xxxvn.
1239 224 1403 283 CAP.
1441 233 1522 285 ιι.
1564 222 1635 298 [a.
1664 227 1729 278 U.
1756 222 1956 299 asos]

309 381 586 458 gnesiam
629 378 735 451 [ad
767 376 1073 455 Sipylum]
1105 375 1395 447 missum,
1441 387 1789 448 perpaucas
1820 367 2010 431 nav'cs
2040 372 2295 434 subdu-

312 474 442 525 ctas
473 476 616 523 esse
647 469 709 521 et
735 462 976 520 navalia
1005 459 1140 533 tegi,
1173 473 1505 532 numquam
1536 458 1823 517 intentius
1844 472 1975 515 rem
1996 458 2290 517 nava-lem

311 544 790 608 administratam
819 560 980 603 esse.
1025 543 1180 603 haec
1207 556 1285 600 ne
1310 558 1422 615 pro
1443 543 1609 600 voris
1632 540 2003 611 audirentur,
2039 540 2287 601 animus

311 646 520 691 errore
548 636 609 689 et
636 644 753 703 spe
777 644 939 688 vana
969 632 1457 701 praeoccupatus
1488 624 1647 685 fecit.
1690 623 2105 702 Polyxenidas
2126 625 2287 684 satis

315 714 598 775 omnibus
631 712 1030 787 comparatiS‚
1075 716 1258 770 nocte
1285 710 1517 782 remige
1544 724 1584 767 a
1609 707 1932 781 Magnesia
1958 708 2285 783 arcessite,

313 798 722 871 deductisque
762 796 982 869 raptim
1025 810 1183 867 quae
1224 792 1567 852 subductae
1600 798 1775 851 erant
1801 790 2094 864 navibuS,
2140 807 2288 851 cum

293 883 472 941 ‚diem
504 896 629 941 non
657 887 780 939 tam
809 880 868 937 in
905 886 1210 953 apparatu
1235 875 1694 950 absumpsisset
1720 891 1905 949 quam
1936 876 2103 951 quod
2133 890 2286 937 con·-

313 964 470 1041 spici
501 964 993 1040 proficiscentem
1023 962 1287 1023 classem
1316 960 1591 1030 nole-bat,
1636 966 1779 1034 post
1804 959 1957 1019 solis
1988 974 2287 1020 occasum

315 1049 630 1124 profectus
659 1047 1046 1121 septuaginta
1073 1045 1333 1105 navibus
1367 1044 1571 1117 tecti5‚
1605 1051 1787 1104 vento
1818 1043 2105 1115 adverso,
2140 1051 2290 1104 ante

317 1136 511 1191 lucem
539 1132 772 1207 Pygela
798 1136 1042 1205 portum
1074 1129 1279 1189 tenuit.
1337 1126 1422 1186 ibi
1452 1142 1588 1187 cum
1618 1127 1883 1188 interdiu
1911 1127 1992 1187 ob
2020 1126 2287 1186 eandem

316 1232 566 1275 causam
599 1215 888 1288 quiesset,
921 1220 1101 1273 nocte
1131 1214 1192 1271 in
1223 1212 1508 1287 proxima⁴
1526 1210 1771 1271 Samiae
1798 1216 1996 1270 terrae
2025 1210 2277 1271 traiecit.

313 1300 458 1359 hinc
483 1298 788 1358 Nicandro
821 1298 1088 1372 quodam
1118 1294 1485 1371 archipirata
1514 1296 1785 1371 quinque
1814 1294 2072 1353 navibus
2104 1296 2286 1355 tectis

319 1383 664 1443 valinurum
699 1384 872 1442 iusso
902 1382 1140 1456 petere,
1183 1387 1367 1455 atque
1400 1380 1543 1439 inde
1572 1386 1871 1451 armatae,
1916 1395 2041 1454 qua
2071 1378 2284 1453 proxi-

315 1482 477 1528 mum
509 1482 621 1543 per
649 1481 832 1541 agros
863 1466 976 1525 iter
1007 1473 1192 1537 esset,
1217 1463 1627 1525 Panhormum
1654 1463 1737 1523 ad
1759 1470 1995 1537 tergum
2012 1462 2288 1523 hostium

316 1552 574 1623 ducere,
617 1550 754 1625 ipse
795 1548 1032 1610 interim
1073 1552 1274 1609 classe
1322 1547 1549 1621 divisa,
1594 1555 1663 1607 ut
1700 1562 1778 1606 ex
1816 1552 2077 1623 utraque
2106 1553 2289 1622 parte

317 1636 528 1695 fauces
587 1642 799 1707 portus
857 1640 1118 1705 teneret,
1175 1629 1583 1693 Panhormum
1634 1632 1799 1706 petit.
1866 1630 2289 1693 Pausistratus

317 1718 545 1792 primo,
589 1723 657 1776 ut
695 1718 754 1775 in
794 1732 865 1777 re
903 1718 1298 1791 necopinata,
1340 1716 1621 1775 turbatus
1652 1730 2012 1790 parumper,
2055 1714 2289 1773 deinde

315 1808 494 1860 vetus
535 1798 711 1858 miles
756 1800 1034 1859 celeriter
1073 1801 1331 1875 collecto
1362 1799 1595 1873 animo,
1644 1807 1806 1859 terra
1832 1798 2054 1859 melius
2084 1797 2287 1857 arceri

320 1892 504 1959 quam
531 1884 683 1943 mari
703 1885 918 1945 hostes
943 1898 1132 1957 posse
1155 1889 1343 1956 rame,
1376 1889 1643 1943 armatos
1667 1883 1913 1943 duobus
1936 1881 2287 1957 agminibus

317 1970 396 2028 ad
439 1968 888 2044 promunturia,
935 1983 1096 2043 quae
1141 1962 1432 2028 cdrnibus
1472 1967 1729 2028 obiectis
1772 1968 1849 2027 ab
1885 1966 2005 2028 alto
2038 1970 2288 2042 portum

317 2053 575 2126 faciunt,
620 2053 812 2124 ducit,
858 2052 1001 2111 inde
1042 2052 1218 2112 facile
1257 2051 1395 2111 telis
1436 2052 1805 2126 ancipitibus
1846 2051 2087 2112 hostem
2118 2065 2287 2110 sum·

316 2143 611 2198 moturus.
675 2137 738 2195 id
779 2137 1084 2210 inceptum
1129 2137 1262 2196 eius
1292 2133 1597 2196 Nicander
1638 2153 1675 2195 a
1716 2142 1883 2195 terra
1918 2135 2094 2194 visus
2144 2149 2289 2194 cum

319 2219 652 2291 turbasset,
709 2227 966 2294 repente
1021 2224 1250 2280 mutato
1306 2219 1562 2280 consilio
1613 2234 1805 2279 naves
1860 2218 2291 2279 conscendere

317 2303 516 2364 omnis
558 2302 743 2363 iubet.
811 2311 934 2363 tum
969 2311 1116 2362 vero
1146 2304 1363 2378 ingens
1394 2304 1618 2379 pariter
1650 2304 1902 2363 militum
1932 2311 2289 2363 nautarum·

319 2404 440 2462 que
485 2387 806 2461 trepidatio
851 2393 1011 2459 orta,
1056 2394 1115 2446 et
1153 2390 1323 2447 velut
1350 2388 1493 2462 fuga
1522 2387 1581 2446 in
1614 2402 1807 2446 naves
1838 2387 1993 2459 fieri,
2043 2402 2183 2445 cum
2212 2401 2293 2446 se

315 2471 466 2529 mari
498 2477 781 2546 terraque
809 2469 988 2530 simul
1019 2477 1340 2532 cernerent
1358 2472 1825 2531 circumventos
1869 2470 2289 2530 Pausistratus

317 2569 501 2613 unam
531 2554 692 2614 viam
735 2555 948 2614 salutis
989 2569 1136 2614 esse
1178 2561 1379 2628 rame,
1422 2555 1477 2614 si
1518 2555 1639 2613 vim
1682 2555 1886 2614 facere
1930 2569 2041 2628 per
2070 2553 2295 2614 fauces

321 2642 534 2710 portus
557 2643 744 2711 atque
769 2653 1091 2712 erumpere
1114 2641 1172 2698 in
1198 2653 1367 2698 mare
1388 2645 1665 2713 apertum
1688 2645 1923 2714 posset,
1950 2644 2289 2713 postquam

318 2720 763 2778 conscendisse
793 2735 944 2779 suos
975 2720 1142 2795 vidit,
1174 2723 1353 2798 sequi
1379 2723 1597 2783 ceteris
1620 2722 1809 2782 iussis
1832 2720 2121 2796 princeps
2144 2721 2291 2794 ipse

317 2803 619 2862 concitata
654 2818 814 2864 nave
854 2804 1042 2864 remis
1086 2806 1163 2866 ad
1195 2807 1416 2866 ostium
1459 2812 1673 2880 portus
1704 2806 1913 2866 tendit.
1983 2817 2291 2880 superan-

317 2893 438 2946 tem
479 2885 592 2944 iam
637 2888 848 2948 fauces
890 2903 1110 2948 navem
1138 2890 1272 2950 eius
1307 2888 1725 2966 Polyxenidas
1754 2889 1947 2949 tribus
1980 2889 2290 2964 quinque-

319 2969 586 3030 remibus
619 2971 1028 3036 circumsistit.
1073 2973 1249 3032 navis
1278 2973 1499 3034 rostris
1522 2975 1645 3033 icta
1666 2973 2095 3048 supprimitur3
2143 2973 2289 3032 telis

317 3054 658 3116 obruuntur
701 3063 1220 3132 propugnatoreS‚
1265 3058 1421 3116 inter
1452 3063 1609 3131 quos
1640 3064 1701 3116 et
1728 3057 2141 3117 Pausistratus
2170 3055 2289 3116 im-

319 3139 492 3212 pigre
533 3155 816 3214 pugnans
858 3141 1228 3202 interficitur.
1294 3142 1537 3202 navium
1566 3141 1939 3216 reliquarum
1966 3146 2107 3200 ante
2135 3155 2289 3214 por·

319 3230 441 3280 tum
471 3222 644 3296 aliae,
678 3225 872 3284 aliae
856 3243 917 3285 m
939 3234 1123 3300 portu
1145 3226 1523 3299 deprensae;
1570 3225 1874 3300 quaedam
1896 3239 1935 3283 a
1953 3223 2289 3300 Nicandro,

319 3305 462 3364 dum
489 3305 818 3368 moliuntur
845 3323 883 3366 a
913 3316 1099 3378 terra,
1133 3316 1369 3383 captae.
1442 3310 1714 3384 quinque
1742 3314 1973 3368 tantum
2000 3305 2291 3367 Rhodiae

316 3403 508 3448 naves
553 3406 689 3448 cum
733 3391 972 3450 duabus
1004 3392 1145 3453 Cois
1177 3391 1553 3466 effugerunt,
1593 3400 1831 3454 terrore
1858 3391 2145 3455 flammae
2168 3390 2286 3450 mi-

257 3529 262 3535 ,
317 3471 511 3530 cantis
550 3473 650 3531 via
691 3473 807 3532 sibi
847 3472 1003 3535 inter
1052 3477 1359 3536 confertas
1401 3491 1592 3536 naves
1634 3477 1825 3536 factaz
1890 3473 2085 3542 contis
2116 3475 2287 3533 enim
