2548 3950
298 164 303 173 '
342 213 425 276 62
618 207 871 270 'LIBER
897 207 1135 268 XXXII.
1179 206 1344 267 CAP.
1368 214 1461 269 18.
1489 211 1573 267 19.
1618 211 1690 281 [a.
1713 211 1783 265 U.
1808 229 1857 265 e.
1881 211 2007 281 554]

341 381 528 426 verso
542 363 1038 437 Peloponnesum
1061 360 1289 434 exiguo
1313 359 1501 420 maris
1524 361 1725 436 spatio
1742 360 2021 437 divisam,
2040 363 2117 423 ab
2140 370 2314 439 tergo

349 447 644 511 Aetoliam
673 445 1234 520 Acarnaniamque,
1273 444 1351 503 ab
1379 444 1671 505 lateribus
1698 444 2021 506 Locridem
2052 461 2125 507 ac
2152 447 2313 510 Boe-

345 534 528 595 otiam
567 530 852 593 habebat.
920 528 1207 600 Phocidis
1253 528 1450 602 primo
1493 527 1723 604 impetu
1760 528 2135 590 Phanoteam
2179 533 2313 592 sine

343 615 676 678 certamine
717 615 897 692 cepit.
959 611 1472 690 Anticyra—haud
1512 615 1767 672 multum
1801 613 1862 672 in
1894 617 2312 690 oppugnando

341 718 553 762 morae
582 698 880 776 praebuit.
931 697 1285 775 Ambrysus
1314 697 1458 757 inde
1486 697 1977 774 Hyampolisque
2005 707 2311 775 receptae.

342 787 554 847 Daulis
587 784 732 860 quia
758 782 819 842 in
849 782 1080 842 tumulo
1111 781 1362 841 excelso
1394 781 1513 841 sita
1540 787 1653 856 est,
1681 797 1797 841 nec
1821 782 2005 843 scalis
2027 799 2142 843 nec
2166 799 2311 860 ope·

341 870 516 931 ribus
547 868 684 943 capi
718 873 975 943 poterat.
1020 865 1388 926 lacessendo
1414 865 1753 927 missilibus
1783 879 1893 926 eos
1920 865 2027 942 qui
2052 868 2109 925 in
2137 884 2310 942 prae-

345 953 506 1015 sidio
537 959 712 1012 erant
739 967 878 1011 cum
908 951 989 1010 ad
1017 947 1425 1010 excursiones
1456 950 1828 1026 elicuissent,
1858 950 2219 1025 refugiendo
2251 951 2309 1010 in

343 1038 542 1098 vicem
585 1036 1036 1112 sequendoque
1078 1040 1138 1094 et
1179 1032 1418 1094 levibus
1462 1034 1597 1094 sine
1627 1033 1853 1094 effectu
1880 1036 2311 1096 certaminibus

347 1138 422 1182 eo
467 1121 889 1196 neglegentiae
920 1124 982 1177 et
1010 1124 1399 1192 contemptus
1428 1118 1846 1193 adduxerunt,
1887 1126 1953 1179 ut
1986 1135 2122 1178 cum
2152 1119 2313 1180 relu-

345 1205 652 1281 gientibus
695 1203 756 1264 in
800 1208 1040 1279 portam
1081 1203 1367 1278 permixti
1408 1203 1702 1277 impetum.
1723 1202 1985 1265 Romani
2022 1203 2310 1263 facerent.

347 1296 412 1350 et
435 1288 558 1350 alia
601 1288 891 1364 ignobilia
919 1288 1172 1348 castella
1197 1285 1485 1347 Phocidis
1516 1293 1749 1347 terrore
1775 1286 1971 1362 magis
2003 1303 2187 1362 quam
2216 1303 2310 1346 ar·

345 1373 463 1434 mis
493 1374 555 1432 in
598 1379 963 1450 potestatem
1003 1377 1322 1432 venerunt.
1394 1370 1603 1430 Elatea
1644 1371 1862 1432 clausit
1905 1380 2152 1446 portas;
2198 1387 2315 1433 nec

345 1458 465 1519 nisi
491 1457 556 1517 vi
586 1463 968 1533 cogerentur,
995 1456 1305 1531 recepturi
1334 1455 1655 1516 moenibus
1672 1455 2050 1540 -videbantur
2076 1462 2180 1516 aut
2198 1456 2311 1515 du-

348 1557 482 1603 cem
513 1547 618 1602 aut
645 1541 980 1602 exercitum
1004 1541 1365 1601 Romanum.

514 1625 671 1684 XIX.
714 1626 985 1687 Elateam
1027 1624 1333 1685 obsidenti
1362 1624 1600 1686 consuli
1626 1624 1715 1683 rei
1742 1623 1991 1684 maioris
2022 1639 2174 1700 spes
2204 1625 2310 1686 ad·

346 1707 533 1783 misit,
561 1708 954 1769 Achaeorum
983 1715 1224 1782 gentem
1256 1709 1334 1767 ab
1366 1709 1663 1769 societate
1686 1708 1945 1783 regiain
1974 1709 2310 1774 Romanam

349 1793 670 1852 amicitiam
720 1791 1054 1852 avertendi.
1116 1792 1467 1870 Cycliadam
1517 1793 1856 1866 principem
1907 1793 2191 1870 factionis
2230 1793 2313 1853 ad

345 1875 688 1952 Philippum
746 1875 1110 1936 trahentium
1161 1890 1264 1934 res
1308 1877 1703 1952 expulerant;
1758 1876 2155 1952 Aristaeum,
2210 1877 2309 1952 qui

344 1960 640 2022 Romanis
668 1966 909 2037 gentem
939 1960 1106 2035 iungi
1133 1960 1409 2036 volebat,
1456 1966 1700 2038 praetor
1728 1967 1874 2030 erat.
1924 1961 2163 2023 classis
2190 1961 2308 2023 Ro—

345 2061 530 2105 mana
550 2061 688 2105 cum
711 2046 914 2106 Attalo
939 2051 1002 2105 et
1021 2044 1278 2105 Rhodiis
1296 2044 1623 2106 Cenchreis
1647 2046 1861 2117 stabat,
1889 2047 2314 2122 parabantque

348 2129 652 2190 communi
683 2145 896 2190 omnes
928 2130 1186 2190 consilio
1211 2129 1561 2191 Corinthum
1588 2144 1973 2206 oppugnare.
2016 2132 2311 2206 optimum

345 2214 526 2289 igitur
545 2219 716 2275 ratus
739 2222 852 2287 est,
870 2214 1225 2291 priusquam
1247 2229 1381 2274 eam
1405 2212 2053 2289 rem-adgrederentur,
2070 2217 2313 2290 legatos

345 2299 424 2360 ad
453 2306 696 2374 gentem
722 2298 1112 2359 Achaeorum
1143 2299 1292 2358 mitti
1324 2298 1683 2375 pollicentiS‚
1714 2298 1768 2357 si
1798 2298 1875 2357 ab
1906 2315 2052 2373 rege
2083 2300 2161 2359 ad
2189 2301 2311 2361 Ro-

343 2399 562 2445 manos
593 2382 995 2457 defecissent,
1041 2383 1391 2444 Corinthum
1423 2382 1874 2443 contributuros
1905 2384 1965 2443 in
1995 2384 2312 2458 antiquum

343 2466 542 2541 gentis
588 2465 932 2527 concilium.
996 2474 1247 2526 auctore
1290 2468 1549 2527 consule
1588 2466 1771 2541 legati
1798 2483 1837 2527 a
1866 2468 2049 2528 fratre
2078 2469 2211 2529 eius
2242 2468 2310 2527 L.

345 2550 624 2624 Quinctio
655 2557 716 2610 et
730 2551 934 2610 Attalo
966 2556 1028 2609 et
1045 2550 1305 2611 Rhodiis
1337 2558 1400 2611 et
1416 2550 1897 2611 Atheniensibus
1920 2553 2001 2612 ad
2020 2551 2309 2613 Achaeos

341 2634 535 2694 missi.
607 2632 878 2711 Sicyone
922 2635 1127 2695 datum
1157 2634 1353 2696 estiis
1386 2634 1727 2697 concilium.
1802 2642 1930 2697 erat
1958 2643 2158 2697 autem
2185 2653 2313 2697 non

344 2718 672 2779 admodum
710 2718 974 2793 simplex
1003 2719 1244 2779 habitus
1277 2720 1431 2781 inter
1455 2718 1743 2780 Achaeos
1773 2720 2145 2782 animorum:
2191 2728 2311 2781 ter-

345 2801 517 2862 rebat
553 2802 742 2861 Nabis
781 2802 1339 2877 LacedaemoniuS‚
1390 2804 1599 2879 gravis
1640 2812 1700 2865 et
1738 2804 2036 2865 adsiduus
2078 2805 2310 2875 hostis3

341 2885 673 2946 horrebant
710 2886 986 2946 Romana
1026 2903 1226 2957 arma3
1269 2888 1679 2949 Macedonum
1708 2889 2025 2951 beneficiis
2056 2896 2118 2951 et
2142 2896 2309 2949 vete—

340 2968 512 3031 ribus
553 2976 616 3030 et
653 2970 1005 3031 recentibus
1057 2970 1305 3048 obligati
1345 2979 1553 3043 erant3
1605 2986 1812 3048 regem
1855 2974 2059 3049 ipsum
2090 2988 2310 3049 suspe-

344 3060 506 3114 ctum
533 3054 842 3115 habebant
870 3070 983 3129 pro
1013 3055 1148 3116 eius
1179 3056 1535 3117 crudelitate
1564 3056 1967 3133 perfidiaque,
1998 3073 2203 3133 neque
2232 3073 2309 3117 ex

339 3136 415 3197 iis
459 3154 611 3213 quae
652 3146 779 3200 tum
820 3140 900 3199 ad
942 3146 1184 3215 tempus
1227 3142 1459 3200 faceret
1498 3142 1891 3203 aestimantes
1906 3190 1923 3218 ‚
1966 3144 2313 3217 graviorem

341 3230 485 3295 post
521 3224 747 3285 bellum
790 3224 1101 3283 dominum
1147 3225 1413 3286 futurum
1456 3224 1805 3286 cernebant.
1872 3227 2311 3303 neque-sotum

342 3305 491 3378 quid
531 3307 591 3365 in
623 3313 842 3367 senatu
883 3308 1149 3384 quisque
1185 3308 1445 3369 civitatis
1474 3324 1629 3369 suae
1656 3317 1763 3370 aut
1788 3311 1850 3370 in
1883 3310 2311 3371 commu-nibus

341 3389 616 3449 conciliis
642 3391 850 3471 gentis
876 3407 989 3466 pro
1021 3394 1323 3453 sententia
1352 3392 1629 3454 dicerent
1656 3394 2053 3469 ignorabant,
2084 3393 2197 3455 sed
2230 3407 2312 3451 ne

339 3470 492 3545 ipsis
537 3474 782 3550 quidem
825 3489 1036 3535 secum
1079 3476 1515 3550 cogitantibus»,
1571 3479 1719 3552 quid
1758 3479 1985 3539 vellent
2024 3484 2130 3539 aut
2160 3476 2309 3553 quid
