2548 3950
591 188 822 249 menn
851 190 1089 248 xxxv.
1136 188 1303 248 CAP.
1334 190 1873 265 45.46.[a.c.19·2]
2086 188 2209 251 215

173 361 182 366 ·
243 356 460 417 regem
487 348 582 414 ut,
625 340 944 415 quoniam,
987 340 1153 416 quod
1193 340 1523 400 maximum
1564 340 1771 413 fuerit,
1813 340 1951 415 ipse
1979 340 2207 399 vindex

243 423 550 485 Graeciae
575 424 843 496 venerit,
873 424 1088 499 copias
1118 438 1369 498 quoque
1390 424 1695 483 terrestris
1726 424 2089 498 navalisque
2113 440 2207 483 ar-

245 515 475 569 cessat.
533 513 826 567 armatum
849 521 1076 581 ,regem
1115 508 1346 582 aliquid
1388 507 1874 583 impetraturumx
1917 508 2209 569 inermem

245 606 372 651 non
403 608 516 661 pro
545 591 780 651 Aetolis
813 592 1029 663 mode,
1081 591 1196 652 sed
1234 605 1313 650 ne
1354 606 1467 666 pro
1494 606 1580 651 -se
1622 590 1871 667 quidem
1910 592 2048 666 ipso
2078 607 2207 653 mo·

245 674 435 736 menti
465 673 659 735 ullius.
677 676 940 735 futurum
969 672 1138 749 apud
1158 676 1491 735 Romanos.
1528 674 1685 735 haec
1703 674 1851 735 vicit
1872 676 2205 745 sententia,
2189 700 2207 713 ·

246 760 805 853 imperatoremque
844 773 1054 833 regem
1094 758 1527 855 appellandum
1546 765 1967 834 censuerunt,
2011 766 2073 819 et
2102 759 2205 817 tri-

245 842 420 917 ginta
470 842 812 916 prinpres‚
865 856 1002 901 cum
1054 842 1279 917 quibus
1330 842 1385 901 si
1428 858 1549 917 qua
1591 846 1770 902 vellet
1814 844 2203 916 consultaret,

244 924 629 1000 delegerunt.

417 1008 626 1069 XLVI.
672 1007 758 1068 lta
786 1008 1041 1069 dimisso
1085 1007 1344 1068 concilio
1384 1008 1700 1069 multitudo
1738 1007 1937 1069 omnis
1966 1009 2027 1069 in
2057 1024 2205 1069 suas

245 1091 526 1153 civitates
552 1091 794 1167 dilapsa
815 1099 928 1153 est.
957 1108 1068 1152 rex
1080 1099 1343 1167 postero
1366 1092 1466 1152 die
1492 1108 1627 1152 cum
1651 1092 1949 1168 apocletis
1973 1109 2205 1167 eorum,

248 1175 417 1235 unde
445 1176 668 1236 bellum
701 1175 1028 1248 ordiretur,
1072 1174 1475 1238 consultabat.
1535 1177 1829 1251 optimum
1866 1177 2067 1238 visum
2111 1185 2207 1239 est

248 1257 630 1334 Chalcidem,
673 1261 898 1319 frustra
925 1260 1002 1319 ab
1033 1260 1268 1321 Aetolis
1296 1276 1495 1335 nuper
1522 1268 1901 1355 temptatam,
1945 1262 2205 1337 primum

247 1329 538 1417 adgredi·
601 1348 662 1403 et
710 1342 1016 1404 celeritate
1064 1344 1258 1419 magis
1309 1344 1371 1403 in
1413 1358 1547 1403 eam
1589 1360 1718 1407 rem
1760 1360 1942 1418 quam
1981 1360 2203 1419 magno

251 1434 479 1487 conatu
515 1434 574 1486 et
602 1433 904 1503 apparatu
933 1442 1090 1500 opus
1115 1441 1277 1487 esse.
1321 1428 1528 1501 itaque
1552 1440 1687 1487 cum
1710 1427 1873 1487 mille
1897 1428 2203 1501 peditibus
2298 1446 2303 1452 ·

225 1524 392 1582 ·1·‚ex
421 1506 526 1583 qui
551 1506 630 1568 ab
651 1508 1042 1569 Demetriade
1063 1506 1260 1568 secuti
1280 1514 1481 1579 erant,
1522 1508 1837 1582 profectus
1859 1524 1972 1582 per
1990 1502 2207 1565 Phoci-

251 1592 393 1651 dem
423 1597 552 1663 est,
599 1598 664 1652 et
696 1590 817 1655 alio
857 1589 1072 1653 itinere
1096 1589 1406 1677 principes
1430 1552 1673 1651 A‘etoli
1656 1588 1959 1651 iuniorum
1986 1590 2205 1665 paucis

249 1674 529 1736 evocatis
553 1675 632 1735 ad
658 1666 1076 1737 Chaeroneam
1101 1666 1517 1749 occurrerunt,
1552 1681 1615 1735 et
1633 1675 1850 1736 decem
1874 1670 2205 1737 constratis

252 1754 510 1815 navibus
539 1756 732 1815 secuti
761 1761 922 1817 sunt.
963 1770 1076 1815 rex
1103 1754 1182 1815 ad
1213 1754 1519 1830 Salganea
1544 1754 1763 1815 castris
1800 1756 2051 1831 positis,
2093 1767 2201 1815 na-

251 1836 474 1898 vibus
459 1852 598 1913 ipse
627 1854 764 1898 cum
806 1838 1184 1914 principibus
1211 1839 1571 1899 Aetolorum
1598 1837 1892 1913 Euripum
1933 1839 2200 1910 traiecit,

249 1928 311 1982 et
352 1935 488 1982 cum
529 1920 696 1982 haud
735 1923 950 1998 procul
1000 1930 1182 1998 portu
1231 1938 1522 1998 egressus
1564 1928 1762 1995 esset,
1812 1924 2201 2000 magistratus

254 2020 502 2080 quoque
533 2005 1019 2076 Chalcidensium
1047 2015 1109 2066 et
1137 2007 1445 2082 principes
1488 2013 1627 2066 ante
1668 2013 1905 2082 portam
1950 2022 2196 2082 proces-

252 2097 479 2149 serunt.
544 2090 722 2165 pauci
771 2090 1072 2165 utrimque
1121 2091 1196 2150 ad
1248 2091 1620 2165 colloquium
1670 2090 1988 2166 congressi
2038 2098 2199 2150 suut.

253 2172 452 2235 Aetoli
481 2189 854 2249 magnopere
883 2175 1174 2245 suadere,
1206 2181 1271 2234 ut
1301 2175 1473 2238 salva
1497 2174 1913 2234 Romanorum
1940 2173 2203 2233 amicitia

251 2271 456 2330 regem
489 2273 737 2332 quoque
765 2257 1158 2320 adsumerent
1185 2257 1421 2319 socium
1448 2263 1631 2332 atque
1666 2256 1955 2316 amicum:
2000 2270 2201 2330 neque

251 2340 414 2400 enim
443 2356 587 2402 eum
614 2341 910 2401 inserendi
939 2341 1080 2401 belli
1101 2341 1216 2402 sed
1237 2340 1587 2401 liberandae
1610 2339 1905 2400 Graeciae
1927 2354 2117 2400 causa
2138 2340 2201 2398 in

252 2423 562 2499 Europam
590 2423 937 2495 traiecisse;
990 2430 1051 2484 et
1088 2424 1442 2487 liberandae
1479 2439 1577 2496 re,
1629 2441 1750 2486 non
1782 2422 1988 2484 verbis
2030 2429 2090 2483 et
2118 2422 2199 2482 si·

251 2507 610 2583 munitione,
663 2508 831 2582 quod
880 2507 1173 2570 fecissent
1211 2509 1489 2570 Romani.
1555 2508 1703 2567 nihil
1753 2514 1952 2592 autem
1992 2505 2199 2566 utilius

249 2591 546 2653 Graeciae
575 2591 917 2652 civitatibus
949 2607 1092 2652 esse
1122 2609 1303 2668 quam
1333 2599 1654 2666 utramque
1697 2591 2017 2667 complecti
2052 2589 2199 2650 ami-

248 2674 482 2734 citiam=
526 2675 610 2734 ita
635 2674 796 2736 enim
825 2675 902 2736 ab
929 2675 1253 2750 utriusque
1292 2676 1509 2737 iniuria
1535 2683 1721 2736 tutam
1752 2675 1999 2736 alterius
2042 2690 2201 2734 sem-

249 2774 363 2832 per
391 2758 700 2834 praesidio
728 2767 790 2819 et
817 2759 1043 2820 fiducia
1073 2760 1223 2820 sore.
1269 2777 1405 2820 nam
1446 2761 1501 2820 si
1541 2777 1664 2820 non
1694 2760 2080 2834 recepissent
2105 2774 2201 2818 re·

248 2857 420 2916 gem,
467 2841 771 2915 viderent,
815 2842 962 2918 quid
1005 2843 1355 2919 patiendum
1396 2844 1471 2905 iis
1500 2845 1807 2921 extemplo
1836 2846 2021 2918 soret,
2064 2858 2203 2903 cum

249 2925 666 2987 Romanorum
697 2927 910 3003 procul
939 2927 1259 3002 auxilium,
1288 2928 1485 2989 hostis
1512 2929 1885 3000 Antiochus,
1921 2928 2020 2986 cui
2049 2926 2202 2986 resi-

249 3015 418 3068 stere
447 3009 578 3070 suis
609 3010 838 3071 viribus
866 3027 988 3073 non
1015 3019 1301 3087 possent,
1329 3019 1469 3072 ante
1490 3020 1698 3086 portas
1723 3017 1907 3070 esset.
1948 3010 2025 3069 ad
2048 3009 2203 3068 haec

247 3091 576 3170 MicythiO,
621 3110 780 3154 unus
804 3110 904 3154 *ex
943 3093 1355 3170 principibus,
1398 3093 1600 3154 mirari
1640 3110 1710 3154 se
1750 3093 1905 3152 dixit
1932 3093 2010 3152 ad
2042 3107 2201 3166 quos

249 3175 607 3238 liberandos
627 3176 968 3238 Antiochus
996 3177 1207 3239 relicto
1235 3193 1428 3252 regno
1458 3192 1571 3238 suo
1601 3176 1664 3237 in
1684 3177 1995 3250 Europam
2023 3173 2201 3235 traie-

250 3258 471 3319 cissetz
515 3261 741 3322 nullam
769 3260 928 3321 enim
970 3261 1272 3323 civitatem
1303 3276 1373 3321 se
1404 3260 1463 3320 in
1496 3259 1752 3320 Graecia
1778 3274 2000 3334 nosse,
2043 3272 2203 3332 quae

251 3349 357 3404 aut
383 3344 760 3417 praesidium
786 3343 1036 3420 habeat,
1081 3352 1185 3406 aut
1225 3341 1592 3420 stipendium
1620 3342 1914 3404 Romanis
1957 3341 2203 3417 pendat,

255 3431 360 3486 aut
388 3425 878 3505 foedere-iniquo
909 3428 1176 3504 adligata
1204 3444 1359 3504 quas
1396 3424 1545 3487 nolit
1571 3425 1740 3503 leges
1768 3425 2047 3502 patiatur.
2095 3425 2196 3486 ita·
