2548 3950
329 211 414 276 92
609 211 839 272 LIBER
859 210 1123 272 XXXIII.
1171 210 1335 271 CAP.
1362 217 1448 274 11.
1476 217 1561 270 12.
1608 215 1681 282 [a.
1706 213 1776 266 U.
1802 230 1850 265 c.
1874 211 2003 280 555]

323 379 506 439 quam
547 363 858 436 regionem
902 361 1162 437 petisset
1187 376 1298 419 rex
1330 360 1558 436 quidve
1588 369 1848 435 pararet.
1898 360 2289 424 ‚caduceator

321 463 398 507 eo
427 444 637 520 regius
664 446 861 516 venit,
893 445 1109 520 specie·
1129 452 1201 504 ut
1225 443 1498 504 indutiae
1528 451 1739 506 essent
1768 443 1970 504 donec
1999 444 2284 504 tolleren-

319 539 418 590 tur
443 529 526 589 ad
551 529 932 604 sepulturam
964 527 1160 602 quiin
1191 527 1325 587 acie
1355 526 1754 599 cecidissent,
1786 543 1855 587 re
1881 542 2034 588 vera
2058 528 2141 588 ad
2175 544 2287 602 pe·

319 613 564 673 tendam
603 612 846 674 veniam
887 611 1104 686 legatis
1145 610 1475 670 mittendis.
1538 617 1869 686 utrumque
1890 610 1975 670 ab
2001 609 2286 672 Romano

319 699 720 772 impetratum.
751 694 992 754 adiecta
1008 693 1187 754 etiam
1209 693 1314 753 ilia
1333 709 1475 767 vox,
1491 694 1659 754 bono
1680 695 1885 756 animo
1906 709 2053 754 esse
2071 709 2289 770 regem

319 788 386 841 ut
424 779 690 846 iuberet3
737 791 898 852 quae
939 775 1206 838 maxime
1231 779 1491 839 Aetolos
1523 776 1809 852 offendit,
1848 777 1972 837 iam
2000 779 2286 838 tmnentis

320 863 760 939 querentisque
781 867 1077 925 mutatum
1095 859 1353 920 victoria
1374 861 1821 937 imperatorem.
1848 867 1991 920 ante
2012 869 2289 936 pugnam

321 948 526 1008 omnia
552 961 776 1021 magn-a
805 960 1122 1020 parvaque
1151 945 1601 1006 communicare
1628 960 1769 1005 cum
1792 944 1981 1006 sociis
2006 945 2249 1006 solitum
2268 967 2286 1000 2

321 1047 484 1092 nunc
526 1031 795 1090 omnium
835 1034 1124 1103 expertes
1161 1027 1557 1089 consiliorum
1581 1042 1763 1098 ›esse3
1809 1045 1925 1089 suo
1957 1028 2161 1103 ipsum
2188 1044 2287 1086 ar-

320 1115 498 1172 bitrio
541 1119 760 1174 cuncta
798 1125 1014 1186 agere3
1071 1126 1216 1170 cum
1257 1109 1540 1186 Philippo
1580 1111 1700 1170 iam
1738 1112 1971 1186 gratiae
2010 1112 2289 1187 privatae

323 1199 526 1257 locum
553 1209 872 1270 quaerere,
902 1201 972 1254 ut
997 1194 1154 1254 dura
1180 1200 1369 1268 atque
1396 1210 1621 1270 aspera
1645 1193 1790 1256 beili
1817 1195 2024 1255 Aetoli
2052 1194 2282 1255 exhau=

323 1279 531 1353 serint,
569 1278 740 1354 pacis
765 1278 1022 1352 grati-am
1054 1284 1114 1338 et
1137 1278 1404 1338 fructum
1430 1280 1747 1339 Romanus
1774 1276 1837 1336 in
1867 1293 1939 1337 se
1968 1283 2179 1338 vertat.
2224 1283 2285 1337 et·

321 1362 486 1422 haud
527 1360 714 1423 dubie
753 1361 1112 1423 decesserat
1149 1359 1226 1420 iis
1267 1362 1646 1437 aliquantum
1686 1361 1971 1425 honorisz
2017 1361 2131 1422 sed
2174 1376 2289 1422 cur

320 1449 788 1521 neglegerentur
809 1445 1188 1520 ignorabant.
1228 1445 1410 1507 donis
1431 1446 1596 1521 regis
1618 1445 1934 1506 imminere
1954 1443 2285 1506 eredebant

321 1529 529 1589 invicti
569 1528 648 1588 ab
691 1545 767 1588 ea
797 1529 1128 1604 cupiditate
1156 1528 1343 1588 animi
1368 1529 1597 1589 vix-unae
1644 1529 1757 1588 sed
1783 1535 1849 1589 et
1875 1528 2282 1590 succenseba⁸

319 1627 442 1672 non
483 1612 778 1672 immerito
806 1612 1044 1672 Aetolis
1084 1613 1169 1672 ob
1200 1610 1607 1673 insatiabilem
1636 1611 1985 1673 aviditatem
2014 1611 2289 1687 praedae

321 1704 382 1755 et
407 1696 816 1770 arrogantiam
845 1710 1074 1767 eorum,
1108 1695 1400 1756 victoriae
1428 1695 1685 1771 gloriam
1712 1696 1773 1756 in
1800 1711 1873 1756 se
1898 1696 2288 1771 rapientium,

323 1793 484 1852 quae
523 1777 789 1837 vanitate
815 1793 932 1838 sua
973 1778 1242 1838 omnium
1269 1793 1456 1839 aures
1486 1779 1872 1848 offendebat3
1911 1787 1975 1839 et
2000 1779 2289 1854 Philippo

323 1861 582 1935 sublat0,
605 1861 816 1924 fractis
841 1860 1066 1936 opibus
1081 1859 1465 1922 Macedonici
1488 1863 1661 1938 regni
1678 1863 1939 1923 Aetolos
1962 1862 2288 1922 habendos

325 1944 616 2007 Graeciae
645 1943 928 2006 dominos
959 1944 1265 2005 cernebat.
1324 1945 1405 2007 ob
1431 1959 1542 2007 eas
1574 1961 1797 2009 causas
1829 1947 2017 2008 multa
2042 1945 2285 2019 sedulo,

325 2035 388 2087 ut
426 2027 674 2088 viliores
714 2029 1107 2103 levioresque
1148 2030 1317 2104 apud
1358 2030 1556 2091 onmis
1585 2037 1795 2091 essent
1823 2033 1895 2091 et'
1912 2030 2285 2105 viderentur,

325 2110 601 2171 faciebat.

489 2194 617 2255 XII.
664 2195 941 2256 Indutiae
971 2195 1320 2272 quindecim
1348 2198 1587 2258 dierum
1614 2198 1795 2258 datae
1815 2198 1979 2259 hosti
2002 2202 2193 2271 erant,
2222 2205 2290 2259 et

323 2296 459 2339 cum
488 2279 630 2354 ipso
655 2294 805 2356 rege
834 2280 1226 2342 constitutum
1253 2278 1663 2357 colloquium3
1718 2280 1893 2342 cuius
1922 2280 2285 2357 priusquam

324 2370 562 2437 ternpus
608 2364 872 2437 veniret,
922 2364 988 2423 in
1031 2364 1355 2425 consilium
1396 2364 1723 2425 advocavit
1763 2366 2006 2426 socios=
2056 2364 2289 2425 rettulit

325 2462 480 2520 quas
519 2448 691 2521 leges
736 2447 908 2520 pacis
937 2448 1210 2519 placeret
1237 2448 1379 2507 dici.
1447 2445 1849 2525 Amynander
1871 2448 2289 2510 Athamanum

319 2544 430 2587 rex
459 2526 676 2602 paucis
708 2528 1067 2589 sententiam
1095 2530 1391 2591 absolvite
1436 2531 1520 2590 ita
1549 2532 2039 2606 componendam
2063 2532 2289 2605 pacem

320 2626 495 2680 esse,
536 2616 606 2671 ut
641 2610 896 2672 Graecia
935 2612 1116 2672 etiam
1156 2612 1512 2675 absentibus
1540 2614 1833 2675 Romanis
1876 2614 2026 2677 satis
2055 2619 2285 2690 potens

325 2694 588 2753 tuendae
616 2694 795 2754 simul
824 2695 999 2769 pacis
1029 2696 1447 2773 libertatisque
1476 2705 1661 2759 esset.
1710 2698 2069 2761 Aetolorum
2096 2710 2285 2772 aspe—

320 2776 446 2836 rior
485 2777 677 2837 oratio
721 2778 861 2851 ruit,
915 2778 1021 2852 qui
1069 2794 1264 2855 pauca
1305 2781 1593 2856 praefati,
1633 2787 1799 2841 recte
1842 2791 2028 2857 atque
2067 2780 2290 2842 ordino

321 2860 751 2935 imperatorem
791 2862 1134 2923 Romanum
1183 2864 1420 2938 facere,
1473 2864 1642 2938 quod
1685 2881 1843 2939 quos
1884 2864 2027 2925 belii
2068 2862 2283 2925 socios

321 2941 655 3018 habuisset,
671 2958 810 3005 cum
832 2945 906 3005 iis
930 2950 1406 3009 communicaret
1426 2946 1598 3023 pacis
1623 2946 1898 3009 consilia.
1931 2947 2055 3009 falli
2076 2952 2287 3007 autem

319 3042 460 3087 eum
499 3032 631 3088 tota
663 3042 764 3102 re,
806 3030 861 3090 si
902 3036 1009 3095 aut
1040 3030 1334 3093 Romanis
1375 3046 1595 3106 pacem
1637 3037 1741 3091 aut
1770 3030 2063 3092 Graeciae
2099 3030 2281 3090 liber-

321 3116 508 3174 tatem
549 3113 702 3173 satis
733 3113 970 3174 firmam
999 3130 1070 3175 se
1102 3114 1316 3175 credat
1338 3114 1689 3176 relicturum
1716 3114 1835 3175 nisi
1861 3113 2147 3189 Philippo
2175 3118 2291 3173 aut

321 3194 531 3257 occiso
578 3204 684 3257 aut
717 3212 912 3272 regno
942 3199 1160 3273 pulso;
1203 3213 1364 3273 quae
1390 3204 1652 3274 utraque
1682 3197 1979 3273 proclivia
2007 3212 2181 3271 esse,
2224 3196 2285 3255 si

321 3278 564 3338 fortuna
601 3279 689 3339 uti
727 3282 925 3341 vellet.
987 3281 1068 3340 ad
1106 3280 1260 3341 haec
1290 3280 1603 3355 Quinctius
1638 3296 1865 3355 negare
1893 3282 2149 3343 Aetolos
2178 3286 2290 3339 aut

321 3360 509 3421 moris
538 3362 952 3423 Romanorum
980 3378 1315 3439 memores,
1334 3371 1463 3424 ‘aut
1486 3364 1603 3423 sibi
1630 3363 1787 3439 ipsis
1818 3362 2289 3426 convenientem

321 3444 683 3503 sententiam
725 3442 978 3507 deisse.
1047 3454 1110 3507 et
1147 3447 1287 3507 illos
1326 3444 1636 3523 prioribus
1679 3448 1963 3509 omnibus
2004 3444 2287 3509 conciliis
