2548 3950
388 285 470 348 14
682 283 914 344 LIBER
940 283 1149 342 XXXI.
1195 281 1362 340 CAP-
1396 290 1481 342 15.
1516 287 1603 342 16.
1650 281 1723 352 [a.
1756 283 1826 336 U.
1859 301 1907 337 c.
1934 284 2062 351 552]

390 433 653 497 Attalida
691 431 1101 508 appellarent,
1161 431 1241 490 ad
1286 430 1500 490 decem
1538 437 1783 502 veteres
1815 427 2007 491 tribus
2036 429 2359 503 addenda;

387 527 448 580 et
474 515 854 578 Rhodiorum
882 516 1152 592 populus
1185 529 1415 574 corona
1444 529 1633 574 aurea
1676 512 1912 574 virtutis
1963 529 2109 589 ergo
2164 515 2361 575 dona-

387 613 518 675 tuS,
569 599 913 674 civitasque
959 596 1220 660 Rhodiis
1271 597 1443 672 data,
1490 613 1673 673 quem
1723 597 1803 656 ad
1843 597 2093 658 modum
2131 596 2361 660 Rhodii

386 683 558 762 prius
600 682 1082 744 Atheniensibus
1126 681 1440 742 dederant.
1512 680 1853 741 secundum
1902 681 2056 742 haec
2097 696 2207 742 rex
2249 685 2360 743 At·-

386 771 545 830 talus
573 766 875 843 Aeginam
906 766 987 826 ad
1019 765 1284 826 classem
1316 781 1385 825 se
1413 762 1650 840 recipit,
1678 763 1905 825 Rhodii
1936 762 2101 826 Ciam
2131 767 2209 826 ab
2233 767 2359 825 Ae-

386 853 525 930 gina
553 898 570 928 ,
637 851 782 912 inde
837 867 952 926 per
1006 847 1242 910 insulas
1297 847 1583 910 Rhodum
1652 847 2017 924 navigarunt
2073 849 2359 910 omnibus

387 945 632 1014 praeter
655 934 935 996 Andrum
961 933 1307 1008 Parumque
1350 940 1410 992 et
1448 931 1785 1010 Cythnum,
1838 950 1998 1008 quae
2026 932 2359 1009 praesidiis

386 1019 791 1082 Macedonum
822 1018 1204 1089 tenebantur,
1246 1015 1307 1074 in
1342 1015 1697 1078 societatem
1727 1016 2019 1093 acceptis.
2090 1018 2359 1079 Attalum

394 1104 664 1180 Aeginae
693 1101 868 1162 missi
897 1101 957 1160 in
988 1100 1294 1161 Aetoliam
1325 1097 1546 1174 nuntii,
1598 1099 2067 1176 exspectatique
2101 1101 2243 1161 inde
2272 1101 2357 1162 le-

389 1187 543 1262 gati,
596 1184 973 1263 aliquamdiu
1003 1183 1149 1244 nihil
1180 1193 1461 1258 agentem
1491 1190 1763 1246 tenuere.
1854 1193 1915 1246 et
1963 1201 2167 1261 neque
2216 1185 2361 1246 illos

390 1270 597 1332 excire
646 1272 725 1331 ad
759 1285 927 1330 arma
955 1267 1182 1345 potuit,
1240 1269 1581 1342 gaudentes
1630 1276 1963 1344 utcumque
2016 1268 2362 1346 composita

391 1371 528 1418 cum
554 1354 835 1430 Philippo
873 1368 1059 1429 pace;
1119 1351 1345 1427 etipse
1384 1351 1752 1428 Rhodiique,
1814 1369 1969 1430 cum,
2012 1352 2066 1414 si
2106 1351 2352 1415 institis·

392 1447 530 1501 sent
555 1438 854 1514 Philippo,
889 1435 1203 1514 egregium
1231 1436 1524 1497 liberatae
1554 1453 1668 1512 per
1699 1453 1767 1498 se
1798 1436 2091 1498 Graeciae
2120 1435 2358 1499 titulum

390 1523 618 1585 habere
646 1521 1012 1597 potuissent,
1059 1519 1348 1595 patiendo
1390 1536 1605 1582 rursus
1637 1537 1774 1582 eum
1804 1521 1863 1581 in
1892 1522 2359 1597 Hellespontum

390 1605 650 1668 traicere
703 1613 1233 1681 occupantemque
1259 1603 1555 1666 Thraciae
1609 1613 1956 1682 opportuna
2000 1606 2142 1668 loca
2190 1605 2359 1667 vires

394 1689 703 1764 colligere,
755 1689 982 1750 bellum
1031 1688 1256 1759 aluere,
1311 1687 1690 1764 gloriamque
1721 1689 1856 1751 eius
1885 1688 2043 1766 gesti
2072 1689 2359 1766 perfecti-

396 1789 518 1850 que
538 1771 834 1835 Romanis
865 1780 1331 1833 concesserunt.

553 1857 714 1917 XVI.
757 1855 1076 1931 Philippus
1109 1855 1304 1931 magis
1332 1854 1502 1932 regio
1533 1855 1734 1917 animo
1760 1865 1855 1918 est
1876 1873 2059 1928 usus;
2092 1856 2361 1932 quicum

396 1942 660 2005 Attalum
686 1940 1092 2017 Rhodiosque
1121 1938 1319 2003 hostis
1350 1957 1472 2002 non
1504 1939 1929 2017 sustinuisset,
1972 1957 2050 2007 ne
2078 1941 2363 2004 Romano

395 2024 643 2102 quidem
674 2025 843 2101 quod
872 2023 1222 2086 imminebat
1249 2025 1412 2086 bello
1444 2024 1720 2100 territuS,
1776 2025 2046 2087 Philocle
2089 2027 2361 2101 quodam

392 2126 472 2172 ex
501 2108 833 2186 praefectis
863 2108 994 2171 suis
1025 2124 1164 2169 cum
1194 2109 1437 2171 duobus
1460 2108 1704 2171 milibus
1726 2110 2016 2186 peditum,
2048 2110 2363 2186 equitibus

393 2191 673 2255 ducentis
696 2194 776 2254 ad
799 2194 1192 2271 populandos
1216 2191 1692 2256 Atheniensium
1707 2210 1893 2271 agros
1914 2194 2128 2269 misso,
2155 2196 2363 2256 classe

392 2276 613 2340 tradita
634 2277 965 2351 Heraclidi,
995 2285 1062 2339 ut
1087 2276 1438 2339 Maroneam
1470 2284 1725 2354 peteret,
1778 2276 1915 2354 ipse
1947 2286 2108 2340 terra
2137 2279 2362 2339 eodem

394 2380 535 2425 cum
563 2361 872 2437 expeditis
903 2363 1147 2423 duobus
1179 2361 1423 2423 milibus
1454 2362 1747 2437 peditum,
1791 2361 2099 2439 equitibus
2130 2362 2357 2423 ducen-

391 2445 471 2509 tis
501 2444 718 2522 pergit.
798 2454 858 2507 et
885 2446 1240 2506 Maroneam
1273 2446 1521 2520 quidem
1548 2445 1746 2522 primo
1783 2447 2013 2523 impetu
2044 2462 2359 2523 expugna—

395 2527 508 2611 vit3
540 2530 780 2589 Aenum
811 2529 954 2589 inde
986 2545 1122 2589 cum
1152 2544 1375 2604 magno
1405 2529 1633 2603 labore,
1665 2538 1978 2606 postremo
2009 2545 2122 2607 per
2152 2530 2359 2607 prodi-

391 2610 618 2673 tionem
671 2611 1016 2673 Callimedis
1047 2611 1343 2688 praefecti
1383 2611 1745 2689 Ptolemaei,
1790 2613 1971 2691 cepit.
2061 2612 2364 2690 deinceps

394 2696 513 2758 alia
543 2697 827 2770 castella,
873 2696 1142 2772 Cypsela
1170 2705 1232 2758 et
1257 2696 1561 2759 Doriscon
1591 2706 1652 2759 et
1680 2696 2039 2770 Serrheum,
2073 2706 2362 2774 occupat.

390 2778 535 2841 inde
564 2795 938 2855 progressus
981 2780 1059 2840 ad
1103 2779 1556 2842 Chersonesum
1595 2782 1893 2846 Elaeunta
1918 2790 1981 2844 et
2006 2782 2361 2858 Alopecon-

389 2880 607 2925 nesum
657 2863 1038 2925 tradentibus
1089 2862 1246 2939 ipsis
1298 2863 1534 2941 recipit.
1633 2865 1943 2943 Callipolis
1998 2883 2249 2945 quoque
2302 2876 2363 2927 et

389 2948 679 3027 Madytos
711 2947 936 3023 dedita,
966 2956 1028 3009 et
1056 2949 1311 3010 castella
1341 2950 1644 3025 quaedam
1671 2948 1983 3026 ignobilia.
2065 2950 2361 3029 Abydeni

389 3048 468 3093 ne
498 3029 716 3109 legatis
748 3030 994 3106 quidem
1022 3030 1313 3093 admissis
1340 3033 1471 3109 regi
1500 3042 1711 3109 portas
1736 3035 2102 3097 clauserunt.
2148 3050 2223 3094 ea
2246 3052 2359 3109 op—

393 3116 684 3193 pugnatio
708 3114 814 3177 diu
841 3116 1186 3193 Philippum
1217 3116 1441 3190 tenuit3
1484 3117 1765 3195 eripique
1808 3136 1885 3180 ex
1918 3118 2263 3191 obsidione,
2296 3117 2359 3179 ni

393 3210 703 3263 cessatum
748 3201 825 3261 ab
853 3202 1058 3261 Attalo
1091 3210 1152 3263 et
1179 3199 1438 3261 Rhodiis
1472 3203 1643 3275 soret,
1696 3210 2042 3277 potuerunt.
2112 3203 2361 3265 Attalus

387 3292 700 3346 trecentos
749 3291 982 3346 tantum
1025 3283 1248 3346 milites
1280 3284 1343 3345 in
1374 3284 1783 3361 praesidium,
1830 3284 2057 3348 Rhodii
2110 3286 2357 3361 quadri-

386 3382 616 3427 remem
647 3382 831 3427 unam
874 3385 953 3429 ex
995 3367 1228 3440 classe,
1281 3384 1419 3429 cum
1459 3370 1539 3429 ad
1568 3370 1878 3431 Tenedum
1909 3378 2126 3446 staret,
2172 3368 2359 3431 mise-

386 3458 545 3511 runt.
609 3452 828 3512 eodem
869 3460 1107 3527 postea,
1163 3468 1301 3513 cum
1350 3451 1472 3512 iam
1519 3454 1622 3513 vix
1664 3453 2037 3515 sustinerent
2081 3452 2357 3515 obsidio-

386 3550 542 3611 nem,
575 3542 639 3595 et
677 3533 815 3611 ipse
856 3535 1098 3595 Attalus
1140 3550 1279 3596 cum
1308 3534 1677 3611 traiecisset,
1714 3554 1888 3614 spem
1920 3545 2150 3600 tantum
2179 3536 2355 3600 auxi·

2526 1791 2529 1952 ἡ

2524 2120 2527 2287 4

2522 2430 2525 2621 l

2516 3452 2519 3621 J

2510 3666 2517 3917 l
