2548 3950
571 237 802 299 LIBER
829 237 1064 296 XXXII.
1110 236 1277 296 CAP.
1304 245 1393 298 so.
1414 245 1501 300 31.
1548 245 1621 312 [a.
1651 245 1718 302 e.
1750 245 1874 312 19⁷]
2122 238 2201 303 75

239 389 501 454 sublatis
531 397 638 450 aut
667 390 886 450 domos
908 387 1178 452 redirent
1203 398 1311 455 aut
1330 391 1411 450 ad
1430 391 1744 452 Romanos
1769 393 2112 457 transirent.
2142 405 2203 456 et

237 474 306 536 id
337 473 588 550 quidem
615 471 927 549 impetrari
953 473 1206 548 nequiit.
1270 473 1332 534 in
1364 473 1426 534 id
1456 475 1615 536 fides
1644 477 1787 536 data
1818 477 2057 538 consuli
2087 487 2203 552 est,

242 557 400 620 utin
429 555 565 616 acie
593 564 700 617 aut
727 555 1140 632 quiescerent,
1185 566 1295 623 aut,
1330 559 1383 618 si
1414 574 1537 634 qua
1564 556 1745 618 etiam
1775 561 2021 622 occasio
2054 561 2201 623 fuIs-
2229 605 2240 614 -

242 649 358 715 set,
391 639 753 701 adiuvarent
779 642 1114 701 Romanos.
1199 641 1356 702 haec
1398 639 1481 702 ita
1510 641 1883 704 convenisse
1908 645 2200 706 Insubres

239 725 638 800 ignorabant=
683 725 933 784 suberat
972 731 1178 784 tamen·
1218 726 1522 799 quaedam
1556 725 1834 801 suspicio
1865 727 2085 788 animis
2115 729 2201 788 la-

237 807 393 869 bare
433 808 620 868 fidem
661 807 989 868 sociorum.
1078 806 1287 882 itaque
1330 823 1469 868 cum
1505 807 1567 868 in
1597 809 1791 870 aciem
1821 809 2201 886 eduxissent,

239 899 527 952 neutrum
554 889 630 951 iis
661 906 853 952 cornu
883 888 1259 951 committere
1286 889 1453 964 ausi,
1499 906 1576 950 ne
1606 892 1661 952 si
1691 894 1833 954 dolo
1866 895 2205 955 cessissent

239 991 376 1036 rem
402 981 591 1035 totam
621 972 997 1046 inclinarent,
1030 981 1176 1049 post
1203 973 1381 1050 signa
1408 973 1471 1034 in
1496 975 1789 1036 subsidiis
1820 993 1931 1038 eos
1956 979 2200 1038 locave-

239 1066 403 1120 runt.
487 1059 706 1118 consul
733 1057 1038 1134 principio
1065 1074 1310 1134 pugnae
1338 1059 1509 1120 vovit
1536 1060 1752 1120 aedem
1788 1059 2077 1138 Sospitae
2106 1062 2200 1122 Iu-

241 1139 412 1218 noni,
443 1140 497 1202 si
526 1157 602 1202 eo
635 1139 735 1202 die
763 1141 976 1202 hostes
1007 1140 1129 1202 fusi
1157 1141 1473 1218 fugatique
1503 1141 1782 1205 fuissent.
1846 1161 1884 1205 a
1912 1143 2201 1205 militibus

249 1227 485 1287 clamor
512 1223 790 1286 sublatus
821 1233 1168 1300 compotem
1195 1225 1324 1287 voti
1356 1228 1669 1288 consulem
1702 1244 1771 1288 se
1799 1229 2100 1301 facturOS,
2143 1235 2205 1288 et

241 1309 510 1386 impetus
539 1307 601 1368 in
632 1308 829 1369 hostis
859 1316 956 1368 est
985 1309 1200 1369 factus,
1284 1325 1408 1370 non
1454 1311 1721 1370 tulerunt
1758 1312 2050 1372 Insubres
2081 1308 2205 1386 pri-

241 1408 412 1454 mum
442 1407 830 1454 concursum.
887 1390 1135 1467 quidam
1165 1401 1227 1452 et
1255 1409 1293 1452 a
1323 1391 1707 1465 Cenomanis,
1740 1403 1913 1468 terga
1946 1401 2202 1468 repente

241 1477 306 1538 in
338 1476 479 1552 ipso
506 1475 834 1536 certamine
856 1474 1192 1550 adgressis,
1224 1476 1542 1536 tumultum
1565 1476 1893 1552 ancipitem
1917 1475 2204 1562 iniectum

245 1568 536 1622 auctores
569 1568 728 1633 sunt,
760 1575 1070 1634 caesaque
1097 1557 1161 1618 in
1189 1557 1396 1620 medio
1429 1559 1701 1636 quinque
1732 1569 1793 1621 et
1821 1560 2065 1636 triginta
2093 1559 2203 1620 mi-

246 1643 328 1706 lia
354 1642 652 1720 hostium,
699 1641 972 1718 quinque
1011 1641 1176 1701 milia
1217 1650 1281 1704 et
1308 1643 1607 1704 ducentos
1634 1641 1817 1704 vivos
1849 1653 2099 1720 captoS,
2138 1643 2199 1704 in

244 1727 323 1788 iis
364 1725 768 1787 Hamilcarem
800 1726 1144 1787 Poenorum
1181 1725 1644 1802 imperatorem,
1698 1727 1802 1803 qui
1840 1727 1983 1789 belli
2014 1743 2205 1789 causa

245 1811 496 1882 fuisset3
542 1809 719 1884 signa
746 1808 1028 1870 militaria
1061 1819 1305 1871 centum
1333 1810 1577 1886 triginta
1606 1820 1667 1873 et
1696 1821 1988 1887 carpenta
2015 1827 2205 1886 supra

245 1897 521 1956 ducenta.
603 1895 829 1970 oppida
869 1893 1208 1967 Gallorum,
1255 1911 1414 1970 quae
1442 1895 1765 1956 Insubrum
1796 1894 2203 1956 defectionem

246 1986 462 2041 secuta
492 1985 680 2051 erant,
711 1977 1076 2039 dediderunt
1105 1994 1176 2039 se
1196 1980 1513 2042 Romanis.

403 2061 616 2123 XXXI.
641 2060 949 2123 Minucius
980 2063 1196 2123 consul
1226 2061 1423 2137 primo
1454 2062 1671 2124 effusis
1702 2061 2204 2139 populationibus

252 2154 685 2223 peragraverat
712 2144 855 2206 finis
883 2144 1208 2218 Boiorum3
1241 2145 1466 2207 deinde
1494 2156 1562 2208 ut
1587 2146 1819 2207 relictis
1845 2145 2205 2207 Insubribus

249 2231 327 2290 ad
355 2246 472 2291 sua
498 2230 726 2290 tuenda
754 2237 1116 2304 receperant
1143 2246 1317 2302 sese,
1348 2227 1569 2291 castris
1600 2245 1670 2289 se
1699 2228 1922 2303 tenuit,
1952 2228 2086 2288 acie
2117 2228 2205 2287 di·

249 2312 597 2375 micandum
626 2318 764 2373 c'um
798 2313 979 2373 hoste
1005 2322 1195 2373 ratus.
1276 2328 1389 2371 nec
1428 2310 1567 2372 Boii
1608 2312 2056 2372 detrectassent
2093 2327 2205 2385 pu-

248 2414 464 2473 gnam,
514 2396 577 2456 ni
619 2398 778 2456 fama
805 2394 1098 2456 Insubres
1138 2396 1339 2456 victos
1382 2396 1583 2455 adlata
1623 2393 1863 2456 animos
1903 2392 2205 2469 fregisset.

247 2480 458 2557 itaque
496 2479 710 2542 relicto
761 2480 921 2540 duce
973 2478 1319 2555 castrisque
1362 2478 1647 2555 dissipati
1691 2495 1804 2554 per
1842 2478 2052 2551 vicos,
2095 2494 2207 2539 sua

255 2564 520 2641 quisque
547 2570 614 2624 ut
643 2564 1070 2635 defenderent,
1107 2564 1406 2624 rationem
1436 2561 1688 2637 gerendi
1715 2561 1861 2625 belli
1888 2561 2051 2624 hosti
2077 2579 2208 2622 mu-

252 2654 472 2709 tarunt.
559 2645 790 2708 omissa
819 2646 980 2707 enirn
1012 2662 1128 2722 spe
1157 2662 1271 2721 per
1298 2662 1483 2708 unam
1506 2646 1957 2707 dimicationem
1982 2644 2075 2707 rei
2104 2646 2209 2705 de-

250 2730 618 2805 cernendae,
645 2748 863 2791 rursus
895 2729 1179 2805 populari
1207 2747 1392 2806 agros
1426 2738 1485 2791 et
1512 2747 1691 2791 urere
1720 2738 1881 2791 tecta
1907 2728 2209 2805 vicosque

249 2830 608 2891 expugnare
638 2814 861 2889 coepit.
906 2830 1018 2887 per
1047 2814 1300 2877 eosdem
1326 2814 1461 2874 dies
1486 2813 1842 2878 Clastidium
1868 2813 2209 2875 incensum.

248 2898 393 2959 inde
421 2898 483 2958 in
499 2897 852 2973 Ligustinos
872 2897 1114 2969 IlvateS,
1150 2897 1256 2975 qui
1287 2895 1405 2959 soli
1432 2914 1557 2958 non
1588 2898 1903 2974 parebant,
1933 2896 2210 2971 legiones

250 2983 493 3043 ductae.
573 2998 649 3041 ea
689 2997 941 3057 quoque
965 2996 1118 3055 gens
1147 2990 1214 3043 ut
1238 2982 1533 3043 Insubres
1574 2980 1709 3042 acie
1748 2980 1980 3052 victOS‚
2018 2977 2209 3039 Boios

250 3065 362 3140 ita,
403 3073 472 3127 ut
498 3072 796 3140 temptare
839 3080 1015 3140 spem
1057 3064 1405 3126 certaminis
1433 3081 1557 3124 non
1587 3065 1911 3134 auderent,
1964 3059 2209 3121 territos

249 3147 502 3219 audivit,
531 3147 596 3208 in
619 3146 934 3209 ‘dicionem
955 3148 1142 3210 venit.
1182 3148 1417 3209 litterae
1440 3147 1764 3208 consulum
1785 3145 2101 3205 amborum
2132 3143 2210 3203 de

249 3232 437 3293 rebus
465 3230 528 3291 in
559 3230 754 3291 Gallia
781 3230 975 3307 gestis
1005 3246 1307 3307 prospere
1348 3230 1464 3290 sub
1494 3228 1655 3289 idem
1684 3238 1925 3304 tempus
1952 3228 2210 3288 Romam

253 3315 517 3375 adlatae.
599 3314 683 3374 Μ.
717 3312 970 3389 Sergius
1001 3322 1250 3391 praetor
1277 3311 1447 3373 urbis
1478 3311 1539 3371 in
1572 3322 1789 3381 senatu
1816 3328 1956 3384 eaS,
1988 3308 2210 3371 deinde

249 3414 332 3459 cx
359 3396 719 3459 auctoritate
747 3404 984 3473 patrum
1026 3399 1105 3458 ad
1149 3398 1443 3473 populum
1471 3395 1767 3459 recitavit.
1842 3392 2212 3470 supplicatio

249 3480 312 3541 in
345 3481 754 3559 quadriduum
785 3482 1050 3543 decreta.
