2548 3950
378 164 506 226 306
647 161 875 222 Lmen
904 160 1197 220 xxxvu.
1246 159 1412 218 cAP.
1433 169 1522 220 51.
1547 167 1636 220 52.
1681 167 1753 233 [a
1781 165 1849 218 υ.
1874 183 1921 218 0.
1945 169 2067 232 563]

383 315 713 374 maximus=
759 318 1099 386 praetorem
1130 311 1321 381 hune,
1351 325 1430 368 ne
1457 311 1515 368 in
1549 309 1890 369 Sardiniam
1919 311 2331 385 proficiscere

382 407 495 469 tur,
524 397 587 455 P.
612 395 881 456 Licinius
902 394 1111 455 tenuit.
1158 400 1220 452 et
1241 394 1303 452 in
1333 401 1551 453 senatu
1579 400 1641 452 et
1667 394 1747 452 ad
1783 395 2078 469 populum
2107 396 2353 468 magnis

384 479 873 542 contentionibus
904 483 1195 538 certatum
1228 484 1350 550 est,
1391 483 1453 536 et
1491 477 1745 552 imperia
1791 477 2043 536 inhibita
2069 479 2238 538 ultre
2271 479 2349 538 ci-

382 573 631 641 troque,
681 569 745 622 vet
792 561 1046 636 pignera
1096 567 1304 635 capta,
1357 567 1416 619 ct
1467 561 1689 618 multae
1739 559 1967 636 dictae,
2021 569 2084 620 ct
2128 561 2350 621 tribuni

384 648 701 725 appellati,
754 653 815 705 et
862 651 1261 721 provocatum
1323 643 1402 702 ad
1449 645 1748 718 populum
1799 651 1910 703 est.
1996 644 2219 718 religio
2275 645 2349 702 ad

386 741 760 808 postremum
792 728 962 802 vicit,
1004 735 1071 788 ut
1098 727 1262 788 dicto
1293 727 1548 787 audiens
1579 731 1749 787 esset
1778 726 2002 786 flamen
2033 727 2346 802 pontifici;

384 826 444 876 et
471 816 659 875 multa
684 814 859 874 iussu
889 811 1100 888 populi
1132 812 1187 870 ci
1226 810 1507 872 remissa.
1567 811 1658 870 ira
1699 809 2059 884 provinciae
2099 817 2348 885 ereptae

386 906 725 975 praetorem
753 897 1109 971 magistratu
1132 895 1420 956 abdicare
1448 910 1520 954 se
1549 900 1870 954 conantem
1899 899 2110 969 patres
2143 901 2344 954 aucto-

387 985 557 1042 ritate
588 997 703 1041 sua
730 983 1179 1053 deterruerunt,
1218 985 1280 1038 et
1318 984 1386 1038 ut
1413 978 1508 1038 ius
1539 977 1698 1037 inter
1723 973 2088 1053 peregrinos
2123 977 2346 1037 diceret

385 1069 805 1126 decreverunt.
844 1063 1164 1122 dilectibus
1190 1063 1416 1122 deinde
1437 1062 1594 1122 intra
1613 1076 1852 1138 paucos
1878 1061 2014 1121 dies
2035 1095 2126 1104 —
2147 1077 2342 1135 neque

384 1149 541 1208 enim
565 1149 733 1207 multi
757 1146 975 1206 milites
996 1145 1239 1220 legendi
1262 1152 1530 1206 erant—
1543 1146 1832 1220 perfectis
1851 1147 2148 1205 eonsules
2174 1160 2340 1219 prae-

384 1240 675 1306 toresque
716 1230 775 1289 in
819 1228 1175 1305 provincias
1220 1228 1713 1304 proficiscuntur.
1788 1231 1950 1288 fama
2001 1229 2232 1288 deinde
2273 1229 2342 1287 de

382 1316 567 1374 rebus
592 1315 656 1374 in
684 1314 837 1376 Asia
864 1314 1056 1389 gestis
1092 1320 1322 1373 temere
1349 1315 1594 1388 vulgata
1623 1313 1758 1374 sine
1787 1319 2075 1390 auctore3
2117 1320 2182 1371 et
2208 1320 2340 1387 post

384 1401 517 1459 dies
560 1414 795 1474 paucos
836 1397 1027 1458 nuntii
1070 1397 1215 1456 certi
1255 1398 1613 1471 litteraeque
1662 1397 2050 1471 imperatoris
2089 1397 2336 1457 Romam

383 1483 651 1556 adlatae,
698 1497 877 1556 quae·
900 1497 1023 1541 non
1056 1487 1284 1542 tantum
1314 1480 1604 1556 gaudium
1633 1479 1710 1539 ab
1737 1481 1969 1540 recenti
1999 1485 2166 1540 metu
2196 1487 2334 1540 attu-

382 1568 582 1626 lerunt
606 1597 692 1610 --
719 1565 1028 1625 desierant
1072 1565 1247 1625 enim*
1281 1565 1502 1624 victum
1555 1566 1617 1623 in
1666 1564 1909 1624 Aetolia
1958 1570 2234 1623 metuere
2261 1597 2331 1614 —

388 1665 567 1722 quam
610 1665 647 1706 a
686 1657 895 1708 vetere
934 1650 1123 1723 fama,
1170 1649 1334 1722 quod
1378 1648 1725 1708 ineuntibus
1767 1648 1829 1707 id
1872 1648 2099 1707 bellum
2139 1647 2333 1722 gravis

382 1731 577 1790 hostis
609 1738 671 1791 et
697 1731 826 1792 suis
851 1730 1113 1804 viribuS,
1146 1739 1207 1791 et
1234 1733 1405 1806 quod
1434 1733 1832 1791 Hannibalem
1859 1739 2166 1792 rectorem
2196 1731 2333 1790 mili-

386 1817 501 1873 tiae
530 1814 809 1888 haberet,
841 1815 1013 1874 visus
1042 1815 1257 1874 fuerat.
1304 1815 1449 1876 nihil
1475 1822 1674 1874 tamen
1697 1823 1802 1875 aut
1823 1815 1902 1874 de
1925 1815 2186 1876 consule
2213 1816 2337 1872 mit-

383 1899 565 1958 tendo
617 1898 679 1956 in
724 1899 936 1958 Asiam
985 1898 1340 1959 mutandum
1389 1907 1494 1959 aut
1541 1899 1902 1958 minuendas
1947 1901 2082 1958 eius
2127 1898 2328 1973 copias

384 1990 757 2043 censuerunt·
780 1990 975 2056 metu,
1004 1998 1083 2043 ne
1114 1999 1251 2044 cum
1284 1984 1470 2044 Gallis
1496 1986 1654 2043 foret
1682 1984 2054 2044 bellandum.

548 2066 671 2125 LII.
713 2066 895 2127 Haud
939 2069 1125 2128 multo
1174 2074 1321 2142 post
1355 2067 1438 2127 Μ.
1467 2068 1752 2128 Aurelius
1797 2067 1968 2128 Cotta
2011 2070 2244 2141 legatus
2271 2066 2328 2124 L.

382 2149 688 2225 Scipionis
742 2166 877 2210 cum
918 2149 1209 2211 Antiochi
1250 2154 1416 2225 regis
1469 2153 1712 2226 legatiS,
1763 2159 1826 2211 et
1871 2152 2182 2212 Eumenes
2229 2166 2330 2209 rex

377 2234 726 2310 Rhodiique
774 2235 1031 2295 Romam
1083 2230 1396 2295 venerunt.
1465 2236 1634 2296 Cotta
1681 2235 1742 2295 in
1793 2243 2013 2296 senatu
2061 2236 2329 2311 primum,

382 2318 603 2377 deinde
640 2318 701 2377 in
743 2320 1027 2380 contione
1066 2320 1238 2380 iussu
1283 2325 1548 2393 patrum,
1607 2336 1766 2395 quae
1808 2328 1945 2381 aeta
1971 2321 2034 2379 in
2060 2321 2214 2380 Asia
2241 2334 2330 2377 es·

381 2408 545 2473 sent,
578 2404 884 2476 exposuit.
930 2403 1294 2479 supplicatio
1317 2403 1460 2463 inde
1481 2404 1541 2463 in
1567 2403 1831 2463 triduum
1861 2405 2112 2464 decreta
2139 2412 2248 2476 est,
2278 2409 2332 2461 et

382 2485 785 2559 quadraginta
805 2485 1067 2547 maiores
1089 2486 1330 2549 hostiae
1349 2487 1644 2549 immolari
1665 2489 1892 2547 iussae.
1925 2495 2049 2548 tum
2075 2488 2330 2564 omnium

380 2568 641 2641 primum
679 2570 934 2630 Eumeni
977 2578 1228 2634 senatus
1270 2572 1452 2631 datus
1493 2580 1602 2632 est.
1670 2572 1725 2631 is
1777 2588 1914 2631 eum
1965 2572 2234 2631 breviter
2277 2578 2332 2629 et

380 2649 611 2723 egisset
657 2651 883 2725 gratias
930 2654 1235 2730 patribus,
1287 2656 1457 2729 quod
1506 2654 1830 2716 obsidione
1871 2670 1941 2715 se
1981 2670 2058 2715 ac
2097 2656 2330 2715 fratrem

387 2733 761 2794 exemissent
798 2750 1174 2813 regnumque
1215 2739 1293 2798 ab
1323 2739 1557 2800 iniuriis
1585 2737 2329 2810 Antiochl‘vindicassent,

380 2823 443 2875 et
472 2818 807 2889 gratulatus
838 2825 1048 2893 esset,
1066 2822 1236 2895 quod
1264 2823 1416 2883 mari
1440 2830 1724 2897 terraque
1753 2836 2056 2899 prospere
2075 2838 2178 2882 res
2199 2836 2328 2896 ges·

380 2898 635 2974 sissent,
673 2901 964 2977 quodque
985 2919 1196 2979 regern
1220 2906 1588 2968 Antiochum
1618 2908 1822 2967 fusum
1851 2907 2247 2983 fugatumque
2274 2913 2332 2964 et

376 2991 627 3047 exutum
658 2986 876 3046 castris
904 2987 1077 3061 prius
1105 2988 1384 3065 Europa,
1427 2996 1573 3066 post
1593 2996 1654 3049 et
1681 2991 1835 3052 Asia
1865 3004 2026 3065 quae
2065 2990 2156 3049 cis
2183 2990 2328 3048 Tau-

374 3084 511 3135 rum
539 3075 806 3145 montem
835 3077 934 3131 est
958 3073 1370 3147 expulissent,
1403 3089 1518 3134 sua
1539 3074 1763 3134 deinde
1783 3072 2000 3134 merita
2021 3074 2204 3132 malle
2224 3088 2328 3131 eos

376 3166 456 3211 ex
488 3152 955 3227 imperatoribus
984 3155 1116 3216 suis
1138 3155 1491 3233 legatisque
1511 3172 1695 3231 quam
1727 3172 1798 3218 se
1826 3162 2329 3218 commemorante

378 3250 757 3309 cognoscere
784 3237 951 3297 dixit.
994 3238 1146 3297 haec
1170 3241 1652 3314 approbantibus
1677 3240 1930 3321 cunctis,
1961 3238 2324 3299 iubentibus-

381 3332 503 3389 que
532 3316 737 3379 dicere
764 3320 967 3393 ipsum
998 3322 1227 3381 omissa
1264 3322 1325 3380 in
1367 3321 1432 3381 id
1473 3324 1877 3396 verecundia,
1919 3323 2069 3397 quid
2110 3321 2224 3382 sibi
2249 3320 2324 3380 ab

378 3402 596 3458 senatu
624 3405 981 3475 populoque
1006 3403 1284 3464 Romano
1323 3404 1503 3465 tribui
1543 3422 1807 3483 aequum
1840 3410 2148 3479 censeret,
2189 3418 2324 3480 pre—
