2548 3950
661 209 894 270 LIBER
919 209 1156 271 XXXII.
1203 211 1371 270 CAP.
1401 221 1454 274 1.
1477 222 1529 273 2.
1573 216 1649 281 [a.
1675 219 1738 272 C.
1763 219 1888 288 199]
2148 216 2236 280 47

265 359 552 423 Sardinia
580 360 888 435 stipendia
915 377 1031 437 per
1059 361 1284 422 multos
1312 378 1510 424 annos
1542 365 1849 439 fecissent,
1881 383 2090 443 agrurn
2124 369 2226 428 ad-

262 445 631 520 signandum
683 451 953 515 curaret;
1013 445 1080 519 Q.
1121 445 1423 521 Minucio,
1477 456 1543 509 ut
1577 450 1639 508 in
1681 450 1906 512 Brutiis
1949 453 2106 510 idem
2154 456 2234 510 de

261 529 790 590 coniurationibus
823 530 1238 604 quaestioneS,
1281 547 1437 606 quas
1466 540 1716 608 praetor
1745 550 1883 594 cum
1904 535 2028 595 fide
2054 554 2226 594 curn—

260 627 383 688 que
425 611 838 688 exercuisset,
880 613 1238 689 perficeret,
1280 622 1343 676 et
1382 631 1494 677 eos
1538 634 1697 692 quos
1726 619 2030 694 sacrilegii
2064 638 2224 680 com-

258 703 474 773 pertos
514 697 574 757 in
618 696 879 758 vinculis
924 698 1182 758 Romam
1223 699 1524 775 misisset,
1573 701 1810 764 Locros
1851 703 2108 763 mitteret
2150 706 2228 762 ad

259 780 664 857 supplicium,
726 797 1013 857 quaeque
1071 783 1314 843 sublata
1370 799 1449 843 ex
1509 785 1765 848 delubro
1818 786 2226 862 Proserpinae

259 872 502 937 essent,
545 866 909 942 reponenda
952 881 1090 926 curn
1133 867 1395 941 piaculis
1438 876 1695 929 curaret.
1760 871 1949 930 feriae
1974 872 2230 930 Latinae

255 948 612 1024 pontificum
644 950 894 1011 decreto
924 950 1296 1010 instauratae
1325 956 1485 1025 sunt,
1517 954 1686 1026 quod
1715 954 1899 1028 legati
1921 954 1996 1013 ab
2022 958 2228 1014 Ardea

258 1033 460 1108 questi
499 1032 562 1093 in
603 1041 825 1096 senatu
863 1041 1037 1094 erant
1076 1034 1195 1107 sibi
1232 1035 1293 1093 in
1324 1043 1530 1097 monte
1556 1036 1801 1098 Albano
1833 1037 2060 1098 Latinis
2098 1057 2226 1098 car-

255 1133 417 1192 nem,
448 1125 515 1177 ut
543 1117 802 1193 adsolet,
833 1119 1189 1179 datam.non
1218 1133 1383 1180 esse.

425 1201 523 1261 Ab
549 1201 785 1263 Suessa
805 1202 1142 1263 nuntiatum
1171 1209 1277 1264 est·
1295 1204 1452 1265 duas
1484 1213 1716 1281 portaS,
1748 1207 2040 1282 quodque
2074 1208 2226 1266 inter

255 1300 367 1345 eas
399 1286 554 1346 muri
584 1292 729 1361 erat,
763 1287 844 1346 de
872 1288 1043 1347 caelo
1073 1293 1333 1358 tactum3
1375 1295 1438 1348 et
1460 1289 1766 1350 Formiani
1796 1291 1978 1365 legati
2008 1294 2220 1350 aedem

253 1370 454 1444 IoviS,
497 1371 638 1430 item
673 1370 990 1432 Ostienses
1021 1373 1237 1432 aedem
1264 1371 1460 1445 Iovis,
1504 1382 1564 1434 et
1594 1372 1890 1433 Veliterni
1918 1375 2222 1448 Apollinis

255 1461 320 1515 et
348 1453 594 1529 Sangus
626 1455 835 1531 aedes,
868 1456 1016 1516 etin
1037 1455 1321 1516 Herculis
1352 1456 1508 1515 aede
1539 1456 1825 1531 capillum
1856 1466 2132 1526 enatum3
2168 1468 2220 1516 e*

255 1555 338 1598 ex
365 1538 591 1599 Brutiis
635 1539 713 1598 ab
757 1539 824 1613 Q.
853 1539 1120 1601 Minucio
1161 1544 1565 1615 propraetore
1605 1540 1902 1616 scriptum
1944 1544 2220 1601 eculeum

256 1638 397 1683 cum
429 1623 699 1698 quinque
741 1624 1038 1699 pedibus,
1082 1625 1289 1698 pullos
1316 1624 1695 1698 gallinaceos
1721 1625 1833 1685 tris
1864 1641 2000 1686 cum
2034 1628 2220 1684 ternis

255 1706 522 1784 pedibus
565 1714 744 1768 natos
786 1723 949 1768 esse.
1022 1723 1060 1766 a
1086 1707 1150 1766 P.
1185 1705 1477 1783 Sulpicio,
1509 1711 1884 1784 proconsule
1911 1724 1990 1768 ex
2020 1712 2218 1768 Maee-

256 1789 445 1850 donia
474 1791 706 1851 litterae
737 1792 993 1862 adlatae,
1028 1791 1090 1851 in
1117 1791 1342 1866 quibus
1366 1791 1520 1853 inter
1543 1798 1749 1854 cetera
1772 1793 2066 1868 scripturn
2096 1802 2224 1852 erat

256 1879 529 1935 lauream
570 1874 629 1935 in
676 1876 873 1952 puppi
914 1875 1089 1936 navis
1135 1877 1358 1950 longae
1387 1882 1645 1937 enatam.
1712 1877 1986 1952 priorum
2018 1880 2220 1950 prodi-

254 1960 495 2035 giorum
529 1975 719 2022 causa
758 1965 1010 2021 senatus
1057 1966 1410 2035 censuerat,
1450 1966 1519 2021 ut
1555 1961 1843 2023 consules
1886 1962 2218 2022 maioribus

253 2044 492 2119 hostiiS,
526 2045 750 2120 quibus
781 2045 898 2105 diis
926 2045 1254 2118 videretur,
1288 2044 1723 2106 sacrificarent.
1776 2045 1857 2106 ob
1886 2044 2004 2106 hoc
2034 2062 2220 2104 unum

255 2128 607 2206 prodigium
658 2129 1022 2205 haruspices
1072 2129 1131 2189 in
1175 2135 1457 2189 senatum
1499 2129 1733 2203 vocati,
1783 2137 1969 2205 atque
2006 2146 2082 2189 ex
2126 2146 2220 2187 re-

255 2229 495 2289 sponso
526 2229 736 2274 eorum
766 2213 1134 2290 supplicatio
1165 2215 1400 2288 populo
1432 2212 1493 2271 in
1524 2212 1683 2272 diem
1714 2228 1904 2272 unum
1933 2215 2132 2271 edicta
2164 2221 2224 2271 et

257 2298 338 2356 ad
374 2297 576 2358 omnia
604 2298 952 2374 pulvinaria
976 2313 1080 2357 res
1111 2296 1353 2357 divinae
1383 2297 1600 2355 factae.

423 2380 496 2440 II.
556 2382 1087 2457 Carthaginienses
1116 2396 1191 2441 eo
1222 2394 1384 2438 anno
1416 2385 1731 2453 argentum
1759 2378 1821 2438 in
1853 2378 2222 2453 stipendium

256 2466 606 2540 impositum
642 2467 904 2541 primum
930 2467 1188 2527 Romam
1221 2464 1620 2524 advexerunt.
1695 2462 1759 2522 id
1789 2462 1933 2538 quia
1963 2463 2221 2537 probum

255 2565 380 2610 non
432 2566 575 2611 esse
634 2558 997 2625 quaestores
1053 2549 1579 2622 renuntiaverant,
1638 2547 2222 2621 experientibusque

254 2649 403 2709 pars
449 2641 665 2709 quarta
701 2636 959 2695 decocta
988 2640 1145 2706 erat,
1189 2632 1454 2708 pecunia
1481 2633 1714 2692 Romae
1742 2638 1950 2692 mutua
1978 2639 2222 2705 sumpta

256 2719 759 2779 intertrimentum
811 2718 1044 2795 argenti
1095 2718 1518 2793 expleverunt.
1591 2716 1936 2791 petentibus
1978 2717 2220 2789 deinde,

255 2810 336 2876 ut,
367 2802 422 2862 si
451 2803 571 2863 iam
589 2803 902 2863 videretur
923 2801 1176 2875 senatui,
1214 2802 1466 2862 obsides
1490 2800 1607 2860 sibi
1628 2800 2046 2873 redderentur,
2082 2817 2218 2857 cen—

256 2895 383 2948 tum
422 2887 644 2948 redditi
688 2887 969 2948 obsides=
1014 2887 1093 2948 de
1136 2885 1386 2959 ceteris,
1430 2884 1588 2944 siin
1617 2883 1741 2944 fide
1770 2891 2212 2959 permanerent,

257 2987 404 3047 spes
436 2972 614 3032 facta.
673 2971 1018 3046 petentibus
1048 2971 1274 3044 isdem,
1321 2968 1426 3045 qui
1456 2985 1580 3029 non
1609 2968 2024 3028 reddebantur
2056 2969 2218 3025 obsi-

260 3055 392 3131 deS,
421 3062 489 3117 ut
517 3056 595 3115 ab
621 3054 844 3129 Norba,
872 3055 978 3115 ubi
1007 3071 1223 3129 parum
1255 3053 1576 3114 commode
1607 3057 1835 3124 essent,
1864 3052 1982 3111 alio
2014 3053 2218 3109 tradu-

258 3146 559 3212 cerentur,
592 3154 977 3212 concessum,
1007 3145 1074 3199 ut
1095 3138 1365 3213 Signiam
1386 3143 1446 3195 et
1466 3134 1853 3197 Ferentinum
1873 3135 2216 3194 transirent.

259 3223 576 3284 Gaditanis
607 3224 747 3284 item
775 3223 1123 3298 petentibus
1152 3222 1509 3293 remissum,
1538 3233 1619 3278 ne
1645 3217 1996 3292 praefectus
2030 3217 2216 3277 Gadis

256 3308 623 3381 mitteretur,
666 3308 968 3368 adversus
1011 3307 1073 3365 id
1115 3306 1284 3380 quod
1312 3304 1387 3366 iis
1417 3304 1478 3362 in
1506 3301 1692 3363 fidem
1720 3302 1931 3376 populi
1961 3301 2216 3361 Romani

261 3390 648 3453 venientibus
691 3407 828 3452 cum
854 3392 918 3450 L.
949 3388 1178 3449 Marcio
1212 3386 1485 3463 Septimo
1517 3386 1925 3449 convenisset.
1984 3393 2044 3445 et
2070 3385 2214 3443 Nar-

257 3475 561 3536 niensium
612 3476 827 3549 legatis
881 3473 1277 3551 querentibus
1319 3472 1399 3533 ad
1439 3486 1757 3532 numerum
1802 3470 1919 3531 sibi
1962 3473 2212 3531 colonos
