2548 3950
344 266 469 330 300
618 266 849 327 LIBER
874 264 1170 325 XXXVII.
1215 262 1383 323 CAP.
1407 272 1496 325 44.
1521 269 1611 323 45.
1657 268 1728 333 [a.
1751 266 1820 319 U.
1843 284 1892 319 c.
1915 267 2039 333 562]

345 423 660 480 venerunt.
719 416 1060 477 Antiochus
1092 430 1229 475 cum
1259 414 1478 490 paucis
1509 413 1782 489 fugiens,
1818 416 1886 488 >in
1917 415 2056 491 ipso
2087 415 2307 477 itinere

344 501 623 578 pluribus
643 499 1164 575 congregantibus
1196 514 1284 573 se,
1315 498 1560 561 modica
1580 513 1766 559 manu
1787 505 2158 560 armatorum
2181 516 2304 560 me-

272 584 283 593 '
346 585 449 647 dia
475 585 667 645 ferme
692 591 875 645 nocte
904 581 1117 643 Sardis
1148 580 1476 643 contendit.
1526 580 1688 654 inde,
1721 592 1860 642 cum
1886 581 2170 644 aud1sset
2197 582 2306 644 Se-

344 669 588 730 leucum
626 667 817 730 fllium
860 674 919 727 et
946 665 1253 741 quosdam
1287 666 1621 725 amicorum
1649 666 1986 741 Apameam
2015 680 2306 743 progres-

346 769 476 827 sos,
504 750 733 828 etipse
761 756 979 825 quarta
1008 749 1218 824 vigilia
1246 764 1388 809 cum
1416 747 1676 823 coniuge
1703 764 1778 809 ac
1805 748 1929 809 filia
1958 751 2112 825 petit
2135 752 2304 825 Apa-

342 851 543 896 meam
560 834 799 895 Xenoni
824 833 1045 894 tradita
1076 832 1358 894 custodia
1381 832 1568 907 urbis,
1595 830 1848 893 Timone
1869 833 2103 911 Lydiae
2129 849 2310 909 prae·

343 919 581 995 posit03
629 917 850 994 quibus
880 916 1106 992 spretis
1135 931 1447 977 consensu
1475 913 1926 990 oppidanorum
1949 923 2009 975 et
2031 918 2308 991 rnilitum,

346 1004 451 1079 qui
479 1004 539 1064 in
562 1013 705 1063 arce
728 1008 914 1074 erant,
945 1000 1127 1075 legati
1151 999 1231 1059 ad
1252 999 1572 1061 consulem
1591 999 1766 1059 mi‘ssi
1789 1006 1950 1061 sunt.
1977 998 2162 1059 XLV.
2195 1000 2311 1062 sub

343 1088 505 1146 idem
532 1086 663 1145 fere
690 1092 930 1159 tempus
956 1090 1017 1143 et
1037 1084 1115 1141 ab
1136 1082 1436 1144 Trallibus
1457 1089 1520 1143 et
1542 1099 1579 1142 a
1597 1082 1916 1157 Magnesia
1938 1098 2096 1158 quae
2119 1099 2310 1159 super

342 1170 743 1230 Maeandrum
782 1174 877 1227 est
918 1172 979 1225 et
1018 1166 1095 1225 ab
1122 1166 1374 1240 Epheso
1420 1167 1602 1241 legati
1645 1166 1726 1227 ad
1771 1167 2086 1227 dedendas
2118 1168 2310 1229 urbes

342 1258 659 1313 venerunt.
703 1250 1030 1325 reliquerat
1056 1248 1370 1325 Ephesum
1398 1249 1815 1327 Polyxenidas
1845 1251 2052 1311 audita
2080 1267 2305 1327 pugna,

345 1342 407 1395 et
434 1335 619 1395 classi
647 1350 847 1409 usque
870 1334 949 1393 ad
969 1333 1188 1395 Patara
1206 1334 1448 1413 Lyciae
1465 1341 1809 1408 pervectus,
1839 1342 2003 1396 metu
2025 1334 2312 1396 stationis

342 1419 721 1481 Rhodiarum
764 1417 1037 1490 navium,
1084 1432 1243 1492 quae
1287 1418 1368 1477 ad
1397 1416 1699 1491 Megisten
1738 1424 1940 1492 erant,
1981 1418 2042 1478 in
2083 1424 2307 1482 terram

347 1518 640 1578 egressus
672 1518 810 1563 cum
840 1500 1055 1575 paucis
1085 1500 1301 1561 itinere
1331 1501 1602 1575 pedestri
1633 1499 1876 1579 Syriam
1907 1502 2074 1577 petit.
2117 1502 2309 1563 Asiae

346 1587 621 1647 civitates
671 1586 731 1644 in
774 1585 959 1644 fidem
1003 1586 1271 1645 consulis
1325 1584 1752 1660 dicionemque
1792 1586 2006 1661 populi
2043 1586 2308 1647 Romani

348 1685 490 1731 sese
518 1668 858 1729 tradebant.
904 1667 1203 1728 Sardibus
1234 1668 1354 1728 iam
1385 1670 1604 1730 consul
1632 1673 1778 1728 erat.
1824 1684 1900 1731 eo
1924 1676 1986 1729 et
2003 1668 2069 1729 P.
2095 1668 2312 1745 Scipio

346 1752 422 1811 ab
450 1752 654 1824 Elaea,
686 1766 823 1811 cum
852 1752 1112 1825 primum
1142 1752 1269 1826 pati
1299 1751 1570 1811 laborem
1599 1752 1737 1811 viae
1764 1753 1977 1827 potuit,
2005 1753 2198 1813 venit.

514 1834 640 1896 Sub
683 1834 847 1895 idem
888 1834 1018 1893 fere
1058 1841 1303 1909 tempus
1349 1835 1718 1896 caduceator
1755 1836 1833 1896 ab
1859 1836 2170 1898 Antiocho
2201 1852 2314 1911 per

343 1918 409 1979 P.
442 1918 795 1996 Scipionem
832 1934 871 1980 a
901 1919 1158 1980 consule
1200 1917 1350 1995 petit
1387 1918 1884 1995 impetravitque,
1923 1927 1992 1981 ut
2027 1928 2310 1983 oratores

343 2003 577 2065 mittere
619 2004 829 2064 liceret
868 2003 1017 2077 regi.
1086 2019 1322 2078 paucos
1356 2011 1498 2078 post
1531 2003 1665 2064 dies
1693 2004 1951 2079 ZeuxiS,
1996 2005 2101 2079 qui
2130 2021 2308 2080 prae·

347 2089 541 2148 fectus
574 2087 803 2165 Lydiae
844 2088 1071 2159 fuerat,
1117 2093 1177 2146 et
1204 2086 1525 2162 Antipater
1562 2087 1766 2148 fratris
1795 2087 1958 2148 filius
1986 2095 2312 2150 venerunt.

344 2171 517 2246 prius
544 2171 819 2232 Eumene
859 2177 1161 2232 convento
1178 2215 1193 2244 ‚
1239 2185 1420 2246 quern
1464 2177 1717 2246 propter
1743 2177 1952 2231 vetera
1979 2173 2312 2232 certamina

346 2271 629 2317 aversum
656 2255 919 2316 maxime
948 2270 987 2314 a
1016 2269 1170 2329 pace
1199 2253 1533 2315 credebant
1559 2270 1734 2328 esse,
1778 2261 1841 2314 et
1869 2255 2206 2330 placatiore
2235 2271 2308 2315 eo

344 2346 407 2399 et
434 2355 549 2401 sua
575 2346 637 2400 et
664 2338 829 2414 regis
860 2353 977 2413 spe
1005 2339 1276 2412 invento,
1306 2345 1431 2398 tum
1459 2338 1530 2400 P.
1554 2337 1902 2413 Scipionem
1935 2345 1996 2400 et
2022 2354 2136 2413 per
2170 2355 2310 2399 eum

346 2425 663 2484 consulem
704 2423 1015 2492 adierunt;
1059 2421 1466 2497 praebitoque
1498 2422 1574 2482 iis
1615 2422 1960 2497 petentibus
2003 2419 2310 2497 frequenti

348 2507 605 2569 consilio
634 2508 715 2567 ad
744 2507 1029 2566 mandata
1057 2505 1318 2579 edenda,
1354 2521 1518 2579 „non
1544 2510 1669 2566 tam
1700 2506 1850 2580 quid
1877 2506 1998 2581 ipsi
2029 2505 2309 2566 dicamus

343 2589 681 2652 habemus“
729 2589 929 2665 inquit
954 2589 1210 2663 Zeuxis,
1264 2605 1491 2666 „quam
1533 2597 1666 2650 uta
1691 2590 1874 2650 vobis
1917 2604 2312 2666 quaeramuS,

342 2673 631 2747 Romani,
677 2691 799 2748 quo
841 2673 1085 2748 piaculo
1128 2673 1384 2748 expiare
1413 2689 1682 2735 errorem
1711 2673 1907 2748 regis,
1957 2687 2177 2750 pacem
2202 2687 2308 2732 ve-

344 2759 631 2830 niamque
670 2756 996 2831 impetrare
1024 2771 1062 2816 a
1088 2756 1424 2818 victoribus
1456 2759 1790 2832 possimus.
1855 2756 2118 2817 maximo
2149 2770 2310 2816 sem-

344 2856 459 2915 per
498 2840 701 2900 animo
743 2839 921 2899 victis
961 2839 1213 2914 regibus
1259 2841 1634 2917 populisque
1670 2839 2014 2916 ignovistis.
2079 2846 2312 2915 quanto

343 2925 405 2984 id
448 2923 679 2984 maiore
720 2927 781 2983 et
808 2922 1141 2998 placatiore
1170 2924 1371 2984 animo
1401 2924 1580 2984 decet
1607 2940 1722 2985 vos
1751 2925 1957 2985 facere
1985 2925 2046 2984 in
2070 2922 2189 2983 hac
2216 2921 2308 2980 vi·

345 3008 565 3082 ctoria,
620 3023 780 3082 quae
826 3022 943 3069 vos
982 3004 1267 3070 dominos
1308 3008 1474 3069 orbis
1516 3013 1812 3069 terrarum
1854 3008 2040 3068 fecit?
2087 3004 2310 3081 positis

342 3093 460 3152 iam
504 3092 804 3152 adversus
848 3107 1063 3156 omnes
1092 3094 1383 3153 mortales
1412 3092 1850 3152 certaminibus
1866 3137 1881 3163 ,
1925 3090 2089 3151 haud
2117 3103 2306 3150 secus

347 3191 529 3250 quam
556 3175 712 3236 deos
742 3178 1068 3237 consulere
1092 3183 1152 3236 et
1180 3190 1438 3252 parcere
1459 3193 1576 3238 vos
1599 3175 1810 3252 generi
1830 3175 2097 3236 humano
2123 3187 2309 3249 opor-

342 3263 486 3320 tet.>“
525 3256 649 3319 iam
691 3268 1017 3336 antequam
1052 3260 1234 3334 legati
1264 3261 1570 3334 venirent,
1615 3260 1930 3322 decretum
1959 3265 2120 3332 erat,
2162 3256 2308 3332 quid

342 3343 841 3416 responderetur.
884 3344 1270 3419 respondere
1297 3343 1651 3404 Africanum
1678 3343 1929 3419 placuit.
1969 3343 2024 3404 is
2053 3343 2114 3403 in
2143 3340 2308 3400 hunc

347 3425 595 3484 modum
622 3426 866 3487 locutus
896 3426 1105 3488 fertur.
1163 3425 1462 3500 „Romani
1491 3442 1570 3487 ex
1599 3425 1682 3488 iis‘
1709 3427 1960 3502 quaein
1991 3425 2170 3487 deum
2197 3422 2280 3480 im

343 3508 685 3568 mortalium
714 3515 1019 3584 potestate
1048 3517 1237 3584 erant,
1268 3525 1344 3570 ea
1364 3509 1662 3570 habemus
1687 3525 1847 3587 quae
1870 3511 1956 3571 dii
1980 3509 2309 3569 dederunt=
