2548 3950
279 163 402 234 168
452 167 684 228 LIBER
707 165 976 228 XXXIV.
1009 163 1175 225 CAP.
1197 172 1283 226 53.
1308 173 1395 228 54.
1431 172 1501 238 [a.
1520 170 1589 223 υ.
1608 189 1653 223 c.
1668 174 1793 228 558.
1818 173 2091 242 a.c.194]

276 320 476 398 plebis
519 333 596 378 ex
637 324 891 381 senatus
942 317 1226 379 consulto
1276 315 1413 376 tulit
1450 317 1529 376 ad
1580 317 1851 392 plebem,
1906 320 2269 397 plebesque

275 403 470 478 scivit,
501 409 570 462 ut
593 399 1038 462 Latinaeduae
1067 399 1367 474 coloniae,
1398 416 1523 463 una
1548 401 1613 463 in
1640 401 1934 478 Bruttios,
1966 404 2156 466 altera
2188 405 2256 466 in

271 487 604 550 Thurinum
632 501 846 562 agrum
869 484 1345 547 deducerentur.
1402 483 1500 544 his
1533 484 2259 558 deducendistrhlmviri
2342 482 2349 486 ’

275 571 480 644 creati,
515 571 740 646 quibus
769 569 832 631 in
859 568 1180 631 triennium
1197 567 1533 644 imperium
1560 576 1751 642 esset,
1784 569 1845 632 in
1866 571 2145 633 Bruttios
2164 573 2258 648 ,9.

271 655 537 717 Naevius
567 654 648 714 Μ.
665 651 982 714 Minucius
1008 651 1921 734 Rufus2M.1Furius.crassi‚pes
1938 701 1955 728 ,
1998 655 2059 714 in
2082 656 2259 722 ,Thu-

273 739 472 800 rinum
499 754 714 814 agrum
733 736 850 798 Cn.
883 736 1146 818 Manlius
1179 736 1245 810 Q.
1276 737 1493 802 Aelius
1509 737 1588 800 sL.
1620 740 1947 812 Apustius.
1984 754 2077 806 zea
2104 741 2261 811 bina

275 823 650 885 comitia-Cn.
672 821 981 883 -Domitius
1011 827 1262 896 praetor
1290 819 1562 885 urbanus
1578 821 1655 882 in
1688 821 1986 898 Capitolio
2013 822 2256 886 habuit.

441 907 652 968 Aedes
697 922 773 968 eo
792 921 967 967 anno
999 906 1232 981 aliquot
1261 905 1584 968 dedicatae
1612 913 1785 968 sunta
1840 923 1967 968 una
1994 907 2255 975 Iunonis

271 989 538 1053 Matutae
567 991 628 1050 in
658 992 792 1052 foro
826 990 1096 1063 olitorio,
1131 995 1288 1051 =vota
1312 989 1637 1065 locataque
1668 991 2072 1066 quadriennio
2102 999 2259 1058 ante

273 1093 310 1137 a
339 1077 400 1138 C.
435 1075 714 1137 Cornelio
760 1075 1016 1136 consule
1035 1073 1279 1150 «Gallico
1307 1072 1505 1142 bello;
1550 1089 1777 1136 censor
1807 1074 1971 1137 idem
1998 1075 2255 1144 dedica·

271 1162 385 1231 vit;
424 1161 619 1219 altera
645 1157 868 1219 Fauni=
920 1157 1154 1220 aediles
1185 1173 1322 1224 eam
1350 1157 1597 1219 biennio
1628 1165 1771 1218 ante
1790 1175 1884 1218 ‚ex
1910 1159 2257 1222 multaticio

271 1249 524 1318 argento
555 1242 896 1302 faciendam
925 1241 1202 1302 locarant
1230 1240 1293 1300 G.
1322 1239 1681 1304 Scribonius
1710 1249 1773 1304 et
1786 1241 1902 1306 Gn.
1925 1242 2233 1306 Domitius

273 1328 377 1404 qui
421 1332 668 1402 praetor
707 1327 980 1386 urbanus
1009 1341 1158 1386 eam
1202 1323 1531 1386 dedicavit.
1590 1333 1655 1387 et
1683 1325 1901 1390 aedem
1928 1326 2255 1391 Fortunae

270 1410 668 1487 primigeniae
702 1412 764 1470 in
797 1411 954 1470 colle
973 1408 1276 1482 ¹Quirinali
1308 1408 1617 1471 dedicavit
1647 1409 1715 1484 Q.
1744 1410 2015 1472 Marcius
2038 1411 2252 1483 Ralla,

272 1495 554 1556 duumvir
595 1494 676 1554 ad
713 1494 776 1554 id
817 1495 1020 1568 ipsum
1051 1499 1328 1554 creatus=
1368 1501 1626 1554 voverat
1655 1509 1791 1556 eam
1820 1494 2037 1557 decem
2064 1495 2256 1555 annis

271 1586 409 1638 ante
449 1577 678 1638 Punico
719 1579 881 1638 bello
913 1575 986 1635 Ῥ.
1017 1575 1434 1652 ,Sempronius
1477 1577 1728 1652 Sophus
1774 1579 2025 1648 consul3
2075 1579 2253 1640 loca-

270 1668 444 1723 verat
483 1661 646 1722 idem
687 1676 930 1722 censor.
981 1667 1054 1720 .et
1073 1659 1143 1720 in
1173 1661 1377 1722 insula
1405 1661 1569 1737 Iovis
1601 1662 1818 1722 aedem
1843 1661 1911 1722 c.
1943 1660 2257 1724 Servilius

270 1743 553 1804 duumvir
573 1744 916 1805 dedic-‚avite
959 1751 1108 1805 vota
1135 1752 1268 1806 erat
1296 1760 1412 1804 sex
1440 1745 1619 1806 annis
1641 1751 1793 1806 ante
1810 1745 2049 1810 Gallico
2076 1746 2257 1807 bello

251 1828 348 1906 ,ab
377 1827 442 1886 L.
471 1825 655 1887 Furio
684 1824 1070 1900 Purpurione
1110 1835 1431 1904 praetore,
1474 1829 1553 1888 ab
1598 1829 1817 1890 eodem
1846 1835 2069 1905 postea
2092 1844 2217 1890 con

271 1913 406 1972 sule
432 1912 654 1971 locata.
696 1908 852 1969 haec
881 1925 956 1971 eo
987 1924 1149 1970 anno
1179 1919 1335 1970 acta.

438 1994 594 2054 LIV.
634 1994 699 2055 P.
733 1992 942 2069 Scipio
973 2009 1052 2053 ex
1082 1993 1406 2067 provincia
1438 1992 1631 2055 Gallia
1660 1994 1738 2056 ad
1774 1995 2065 2057 consules
2092 1996 2217 2057 sub
2238 2030 2253 2039 -

269 2079 581 2153 rogandos
623 2077 820 2138 rediit.
891 2077 1134 2139 comitia
1175 2079 1500 2138 consulum
1542 2078 1744 2153 fuere,
1790 2078 2017 2155 quibus
2053 2081 2250 2141 creati

270 2169 412 2223 sunt
431 2163 498 2223 L.
525 2162 842 2223 Cornelius
858 2160 1098 2222 <Merula
1121 2168 1184 2221 et
1204 2160 1272 2235 Q.
1292 2160 1601 2243 Minucius
1624 2161 1944 2225 Thermus.
1986 2169 2251 2239 postero

271 2246 369 2307 die
411 2246 598 2307 creati
641 2252 784 2307 sunt
821 2252 1139 2320 praetores
1179 2244 1248 2303 L.
1282 2244 1598 2307 Cornelius
1637 2244 1847 2321 Scipio
1874 2246 1957 2306 M.
1985 2246 2247 2309 Fulvius

267 2330 542 2391 Nobilior
570 2330 632 2391 C.
667 2329 1025 2390 Scribonius
1053 2328 1136 2389 Μ.
1157 2328 1446 2390 Valerius
1474 2329 1745 2391 Messala
1771 2331 1838 2391 L.
1861 2328 2113 2393 Porcius
2141 2330 2243 2391 Li-

269 2413 444 2475 cinus
475 2420 536 2475 et
556 2414 618 2477 C.
641 2413 990 2475 Flaminius.
1033 2412 1371 2487 Megalesia
1396 2414 1898 2475 ludosscenieos
1918 2415 1995 2475 A.
2016 2413 2247 2476 Atilius

267 2495 573 2558 Serranus
603 2497 669 2557 L.
703 2496 1062 2559 Scribonius
1093 2496 1248 2558 Libo
1290 2498 1525 2558 aediles
1564 2500 1811 2559 curules
1856 2498 2035 2573 primi
2076 2499 2245 2559 feee-

263 2588 424 2641 runt.
481 2581 700 2642 horum
744 2580 1030 2641 aedilium
1065 2582 1254 2641 ludos
1282 2582 1599 2643 Romanos
1629 2582 1891 2657 [mimum
1917 2588 2171 2644 senatus
2203 2600 2248 2644 a

265 2666 498 2742 populo
543 2671 818 2724 secretus
863 2664 1194 2739 spectavit,
1241 2665 1647 2741 praebuitque
1684 2680 2038 2738 sermone8‚
2080 2666 2249 2730 sicut

266 2748 464 2811 omnis
495 2748 736 2809 novitas
765 2750 940 2823 solet,
967 2748 1108 2811 aliis
1139 2751 1405 2823 tandem,
1439 2750 1609 2825 quod
1630 2750 1819 2812 multo
1844 2756 1987 2811 ante
2009 2750 2245 2811 debue-

262 2834 356 2907 rit,
387 2832 675 2892 tributum
703 2832 1192 2896 existimantibus
1225 2832 1607 2909 amplissimo
1626 2834 1865 2904 ordini3
1904 2834 2046 2895 aliis
2070 2834 2242 2896 dem-

261 2924 434 2992 ptum
475 2931 555 2976 ex
595 2916 888 2991 dignitate
931 2918 1145 2993 populi
1193 2918 1499 2994 quidquid
1525 2916 1825 2980 maiestati
1862 2925 2101 2993 patrum
2125 2920 2243 2983 ad-

261 3000 484 3065 iectum
525 3008 695 3062 esset
733 3002 1303 3077 interpretantibus,
1348 3008 1409 3063 et
1450 3002 1655 3063 omnia
1696 3002 2049 3065 discrimina
2076 3002 2246 3077 talia,

263 3085 486 3161 quibus
516 3086 766 3147 ordines
797 3085 1328 3160 discernerentur,
1357 3092 1424 3147 et
1455 3086 1825 3147 concordiae
1854 3091 1914 3145 et
1941 3085 2241 3147 libertatis

259 3184 462 3246 aeque
500 3170 868 3231 minuendae
912 3186 1076 3231 esse.
1141 3170 1225 3231 ad
1258 3168 1820 3245 quingentesimum
1856 3168 2241 3245 quinquage-

259 3252 482 3314 simum
531 3261 814 3315 octavum
864 3270 1088 3315 annum
1138 3252 1200 3314 in
1246 3255 1607 3330 promiscuo
1664 3258 2009 3329 spectatum
2064 3268 2243 3314 assez

261 3336 411 3411 quid
447 3344 703 3413 repente
743 3338 998 3413 factum,
1043 3354 1154 3397 cur
1195 3338 1529 3399 immisceri
1572 3337 1689 3399 sibi
1719 3338 1779 3397 in
1810 3351 2001 3397 cavea
2032 3342 2245 3412 patres
2278 3355 2283 3359 ·

255 3419 504 3495 plebem
542 3422 802 3495 nollent,
847 3436 958 3483 cur
998 3420 1174 3483 dives
1215 3436 1562 3498 pauperem
1604 3436 2039 3482 consessorem
2068 3418 2239 3481 fasti·
