2548 3950
284 260 288 269 .
360 228 487 295 308
687 230 915 294 Lmen
942 230 1237 291 xxxvn
1285 229 1450 292 cAP.
1475 238 1560 291 53
1606 232 1678 311 [a
1701 237 1773 291 υ.
1797 254 1846 295 0.
1871 237 1994 305 ⁵63]

354 388 517 451 intra
562 384 747 448 finem
794 384 943 451 iuris
994 384 1115 443 mei
1166 382 1414 445 cuilibet
1453 382 1649 445 videri
1687 382 1887 458 malim
1917 400 2100 464 quam
2140 388 2342 451 nimis

358 468 748 546 pertinaciter
774 468 837 527 in
866 466 1199 529 obtinendo
1232 481 1306 527 eo
1345 466 1718 541 tetendisse3
1766 468 1828 527 in
1859 468 2188 535 certamine
2215 488 2339 535 au-

358 562 480 615 tem
518 551 821 619 amicitiae
848 556 1125 627 vestrae,
1175 548 1638 646 benevolentiae
1678 564 1826 627 erga
1855 568 2002 627 voe,
2044 553 2336 633 honoris,

360 637 465 712 qui
494 652 534 699 a
558 636 741 701 vobis
778 634 1129 707 habebitur,
1175 631 1423 696 minime
1464 650 1501 696 a
1531 650 1844 715 quoquam
1885 650 2087 713 aequo
2117 639 2336 703 animo

358 719 519 805 vinci
555 734 841 815 possum.
903 716 1065 785 hanc
1108 731 1223 813 ego
1266 716 1594 780 maximam
1632 716 2028 781 hereditatem
2071 738 2110 783 a
2145 730 2336 797 patre

358 791 603 879 accepi,
636 803 743 879 qui
771 801 1005 880 primus
1037 798 1307 866 omnium
1333 799 1547 861 Asiam
1579 800 2020 879 Graeciamque
2047 805 2332 881 incolen-

355 888 505 948 tium
528 885 592 947 in
612 884 941 950 amicitiam
956 885 1126 948 venit
1144 889 1441 959 vestram,
1472 899 1734 959 eamque
1763 893 2062 961 perpetua
2084 896 2146 959 et
2173 906 2334 963 can-

357 970 540 1039 stanti
567 969 693 1031 fide
722 969 806 1040 ad,
831 975 1168 1039 extremum
1208 967 1396 1029 finem
1431 966 1595 1033 vitae
1633 970 1956 1047 perduxit3
2001 986 2118 1033 nee
2144 974 2332 1037 dum-

355 1060 523 1118 taxat
569 1053 837 1119 animum
882 1052 1068 1116 vobis
1111 1051 1342 1115 bonum
1391 1066 1464 1112 ac
1512 1050 1758 1113 fidelem
1804 1054 2134 1129 praestitit,
2205 1060 2336 1119 sed

356 1134 641 1205 omnihus
682 1135 950 1197 interfuit
987 1135 1166 1205 hellis
1210 1148 1374 1211 quae
1397 1135 1470 1198 inv
1492 1135 1749 1201 Graecia
1775 1138 2060 1211 gessistis
2073 1184 2090 1215 ,
2130 1148 2332 1207 terre-

358 1220 588 1289 stribus
618 1218 938 1281 navalibus
953 1263 969 1293 ,
1006 1218 1167 1287 omni
1194 1233 1423 1304 genere
1446 1226 1920 1296 commeatuum,
1949 1221 2032 1287 ita
2050 1229 2119 1289 ut
2136 1240 2330 1294 nemo

356 1302 671 1375 sociorum
688 1307 1037 1367 vestrorum
1058 1302 1183 1368 ulla
1201 1308 1377 1377 parte
1399 1300 1650 1379 aequari
1673 1304 1890 1379 possit,
1916 1322 2036 1375 vos
2053 1306 2294 1375 adiuvit
2307 1334 2332 1379 ς

353 1394 671 1463 postremo
701 1402 841 1457 cum
865 1387 1137 1451 Boeotos
1168 1386 1249 1450 ad
1278 1386 1633 1450 societatem
1659 1394 1930 1459 vestram
1957 1388 2332 1467 hertaretur,

352 1471 418 1539 in
447 1472 588 1549 ipsa
617 1471 903 1535 contione
930 1470 1364 1538 intermortuus
1392 1469 1557 1538 haud
1585 1471 1772 1552 multo
1795 1478 1944 1550 post
1961 1474 2330 1548 exspiravit.

352 1554 535 1621 huius
566 1568 684 1631 ego
710 1554 973 1631 vestigia
1000 1554 1320 1629 ingressus
1349 1554 1644 1625 voiuntati
1675 1554 1916 1629 quidem
1941 1564 2002 1633 et
2029 1558 2238 1628 studio
2260 1559 2331 1626 in

357 1638 634 1705 colendis
683 1639 863 1701 vobis
912 1638 1158 1711 adicere
1200 1671 1282 1692 -ψ
1325 1637 1546 1709 etenim
1595 1638 2116 1716 inexsuperabilia
2160 1639 2332 1711 haee

355 1728 529 1783 erant
554 1753 639 1765 —-
668 1721 814 1784 nihil
855 1722 1060 1796 potui=
1115 1722 1304 1783 rebus
1344 1721 1501 1797 ipsis
1544 1720 1900 1795 meritisque
1929 1729 1988 1789 et
2018 1723 2328 1801 impensis

233 1871 241 1880 ‚
356 1802 700 1875 officiorum
739 1810 809 1875 ut
846 1819 1143 1879 superare
1173 1818 1458 1880 possem,
1515 1805 1758 1869 fortuna
1797 1812 2077 1883 tempora
2099 1808 2325 1883 Antic-

358 1886 511 1950 chus
541 1894 601 1947 et
626 1885 853 1957 bellum
872 1888 935 1952 in
956 1888 1109 1951 Asia
1130 1896 1371 1963 gestum
1395 1888 1806 1965 praebuerunt
1825 1889 2163 1963 materiam,
2201 1906 2326 1964 rex

360 1971 547 2040 Asiae
574 1977 639 2034 et
661 1972 854 2048 partis
880 1972 1167 2052 Europae
1192 1972 1536 2041 Antiochus
1575 1972 1760 2044 filiam
1803 1989 1982 2037 suam
2020 1973 2081 2034 in
2109 1977 2326 2038 matri-

356 2057 625 2124 monium
651 2057 799 2117 mihi
827 2057 1043 2128 dabat3
1081 2057 1444 2123 restituebat
1474 2058 1781 2134 extemplo
1813 2057 2117 2132 civitates,
2154 2075 2326 2138 quae

357 2140 709 2203 defecerant
738 2157 776 2199 a
805 2141 1017 2210 nobis,
1000 2165 1015 2178 ·
1060 2156 1239 2215 spem
1285 2155 1568 2218 magnam
1607 2141 1672 2210 in
1711 2147 2030 2215 posterum
2057 2143 2326 2220 amplifi-

356 2222 537 2284 candi
564 2223 738 2300 regni
766 2225 1057 2296 faciebat,
1102 2225 1157 2287 si
1198 2238 1412 2288 secum
1439 2223 1666 2290 bellum
1695 2225 1999 2297 adversus
2028 2241 2142 2290 vos
2169 2241 2322 2301 ges-

354 2307 596 2368 sissem.
650 2324 775 2375 non
816 2269 1125 2384 gloriab'or
1164 2324 1240 2369 eo
1289 2308 1458 2384 quod
1493 2307 1643 2369 nihil
1683 2309 1748 2371 in
1775 2324 1891 2375 vos
1924 2309 2326 2392 deliquerim·

354 2391 455 2452 illa
494 2387 701 2466 potius
754 2407 915 2469 quae
960 2391 1378 2452 vetustissima
1428 2391 1650 2460 domus
1695 2399 1965 2461 nostrae
1993 2393 2326 2466 vobiscum

354 2474 615 2542 amicitia
656 2475 843 2550 digna
880 2481 1053 2548 sunt,
1093 2475 1372 2537 referam.
1438 2473 1830 2550 pedestribus
1871 2477 2330 2554 navalibusque

354 2559 578 2633 copiis,
609 2565 677 2622 ut
704 2573 882 2621 nemo
906 2565 1245 2623 vestrorum
1270 2557 1582 2622 sociorum
1608 2575 1710 2620 me
1729 2559 2132 2636 aequiperare
2163 2577 2328 2638 pes-—

353 2650 465 2717 set,
490 2643 891 2718 imperatores
918 2649 1159 2706 vestros
1182 2641 1422 2712 adiuvi;
1457 2649 1832 2708 commeatus
1855 2651 2019 2716 tetra
2038 2645 2328 2720 marique

354 2725 775 2800 suppeditavi3
814 2725 1134 2788 navalibus
1177 2726 1462 2801 proeliiS,
1511 2741 1672 2802 quae
1709 2727 1912 2791 multis
1961 2728 2116 2797 locis
2153 2728 2332 2794 facta

353 2815 512 2882 sunt,
544 2808 824 2876 omnibus
851 2808 1049 2879 adfui;
1084 2823 1198 2880 nec
1224 2808 1421 2872 labori
1440 2825 1578 2884 meo
1603 2825 1718 2876 nec
1747 2812 2023 2886 periculo
2047 2827 2328 2888 usquam

351 2890 621 2966 peperci.
667 2892 836 2972 quod
865 2892 1271 2955 miserrimum
1299 2891 1484 2960 estin
1512 2894 1722 2968 bello,
1749 2894 2136 2961 obsidionem
2169 2911 2326 2969 pas-

352 2991 462 3046 sus
492 2991 659 3050 sum,
696 2974 975 3052 Pergami
1014 2974 1290 3044 inclusus
1335 2993 1472 3052 cum
1517 2977 1868 3047 discrimine
1893 2979 2104 3041 ultimo
2131 2979 2328 3044 simul

349 3058 511 3119 vitae
533 3060 850 3136 regnique.
898 3060 1187 3123 liberatus
1210 3060 1436 3130 deinde
1459 3061 1812 3136 obsidione,
1837 3078 1975 3127 cum
1999 3063 2120 3124 alia
2137 3071 2328 3140 parte

352 3142 691 3204 Antiochus
720 3145 841 3206 alia
870 3141 1168 3209 Seleucus
1199 3145 1366 3204 circa
1391 3159 1600 3209 arcem
1623 3146 1798 3224 regni
1826 3145 1946 3206 mei
1976 3153 2176 3208 castra
2204 3145 2326 3208 ha-

348 3226 590 3302 berent,
638 3226 865 3288 relictis
905 3227 1061 3288 meis
1098 3225 1286 3288 rebus
1330 3234 1457 3295 tota
1499 3229 1702 3294 classe
1741 3229 1823 3293 ad
1847 3230 2328 3306 Hellespontum

348 3307 413 3366 L.
448 3307 721 3383 Scipioni
754 3309 993 3378 consuli
1033 3319 1239 3374 vestro
1283 3311 1554 3388 eccum,
1598 3319 1666 3376 ut
1705 3328 1846 3377 eum
1883 3313 1948 3374 in
1975 3312 2326 3385 traiciendo

350 3390 627 3455 exercitu
653 3392 1023 3463 adiuvarem.
1078 3403 1408 3470 postquam
1438 3393 1496 3456 in
1529 3395 1742 3462 Asiam
1771 3398 2082 3463 exercitus
2108 3405 2329 3458 vester

352 3480 449 3533 est
494 3482 954 3552 transgressus,
1006 3493 1338 3553 numquam
1379 3495 1416 3540 a
1459 3481 1713 3543 consule
1765 3479 2066 3544 abscessi.
2127 3495 2326 3544 nemo
