<?xml version="1.0" encoding="UTF-8"?>
<!DOCTYPE html PUBLIC "-//W3C//DTD XHTML 1.0 Transitional//EN"
    "http://www.w3.org/TR/xhtml1/DTD/xhtml1-transitional.dtd">
<html xmlns="http://www.w3.org/1999/xhtml" xml:lang="en" lang="en">
 <head>
  <title>
</title>
<meta http-equiv="Content-Type" content="text/html;charset=utf-8" />
  <meta name='ocr-system' content='tesseract 3.04.00' />
  <meta name='ocr-capabilities' content='ocr_page ocr_carea ocr_par ocr_line ocrx_word'/>
</head>
<body>
  <div class='ocr_page' id='page_1' title='image "./aburbeconditali14livygoog_0143.png"; bbox 0 0 2548 3950; ppageno 0'>
   <div class='ocr_carea' id='block_1_1' title="bbox 412 233 2084 314">
    <p class='ocr_par' dir='ltr' id='par_1_1' title="bbox 412 233 2084 314">
     <span class='ocr_line' id='line_1_1' title="bbox 412 233 2084 314; baseline -0.001 -10"><span class='ocrx_word' id='word_1_1' title='bbox 412 239 535 304; x_wconf 84' lang='lat'><strong>116</strong></span> <span class='ocrx_word' id='word_1_2' title='bbox 689 238 920 298; x_wconf 75' lang='lat' dir='ltr'><strong>unna</strong></span> <span class='ocrx_word' id='word_1_3' title='bbox 946 237 1207 300; x_wconf 83' lang='lat' dir='ltr'><strong>xxxm.</strong></span> <span class='ocrx_word' id='word_1_4' title='bbox 1254 233 1421 298; x_wconf 59' lang='lat' dir='ltr'><strong>CAR</strong></span> <span class='ocrx_word' id='word_1_5' title='bbox 1445 245 1530 301; x_wconf 73' lang='lat' dir='ltr'><strong>aa.</strong></span> <span class='ocrx_word' id='word_1_6' title='bbox 1555 247 1645 301; x_wconf 77' lang='lat'><strong>39.</strong></span> <span class='ocrx_word' id='word_1_7' title='bbox 1689 245 1763 313; x_wconf 64' lang='lat' dir='ltr'><strong>[a.</strong></span> <span class='ocrx_word' id='word_1_8' title='bbox 1792 244 1857 297; x_wconf 87' lang='grc' dir='ltr'><strong>υ.</strong></span> <span class='ocrx_word' id='word_1_9' title='bbox 1883 262 1930 297; x_wconf 78' lang='lat'><strong>0.</strong></span> <span class='ocrx_word' id='word_1_10' title='bbox 1957 247 2084 314; x_wconf 77' lang='lat'>556]</span> 
     </span>
    </p>
   </div>
   <div class='ocr_carea' id='block_1_2' title="bbox 404 389 2375 3563">
    <p class='ocr_par' dir='ltr' id='par_1_2' title="bbox 404 389 2373 1804">
     <span class='ocr_line' id='line_1_2' title="bbox 408 389 2372 469; baseline -0.002 -12"><span class='ocrx_word' id='word_1_11' title='bbox 408 404 617 457; x_wconf 83' lang='lat' dir='ltr'><strong>serant</strong></span> <span class='ocrx_word' id='word_1_12' title='bbox 642 399 873 469; x_wconf 82' lang='lat' dir='ltr'><strong>portas,</strong></span> <span class='ocrx_word' id='word_1_13' title='bbox 905 391 1304 453; x_wconf 82' lang='lat' dir='ltr'><strong>circumdedit</strong></span> <span class='ocrx_word' id='word_1_14' title='bbox 1329 389 1572 451; x_wconf 89' lang='lat' dir='ltr'><strong>moenia</strong></span> <span class='ocrx_word' id='word_1_15' title='bbox 1597 389 1880 461; x_wconf 80' lang='lat' dir='ltr'><strong>armatis3</strong></span> <span class='ocrx_word' id='word_1_16' title='bbox 1925 399 1984 452; x_wconf 92' lang='lat' dir='ltr'><strong>et</strong></span> <span class='ocrx_word' id='word_1_17' title='bbox 2011 391 2138 452; x_wconf 85' lang='lat' dir='ltr'><strong>iam</strong></span> <span class='ocrx_word' id='word_1_18' title='bbox 2171 408 2372 468; x_wconf 84' lang='lat' dir='ltr'><strong>opera</strong></span> 
     </span>
     <span class='ocr_line' id='line_1_3' title="bbox 408 473 2370 540; baseline -0.001 -1"><span class='ocrx_word' id='word_1_19' title='bbox 408 477 754 540; x_wconf 79' lang='lat' dir='ltr'>admoventi</span> <span class='ocrx_word' id='word_1_20' title='bbox 778 476 1005 536; x_wconf 86' lang='lat' dir='ltr'><strong>deditio</strong></span> <span class='ocrx_word' id='word_1_21' title='bbox 1031 477 1190 535; x_wconf 80' lang='lat' dir='ltr'><strong>facta</strong></span> <span class='ocrx_word' id='word_1_22' title='bbox 1211 480 1324 534; x_wconf 89' lang='lat' dir='ltr'><strong>est.</strong></span> <span class='ocrx_word' id='word_1_23' title='bbox 1368 473 1530 535; x_wconf 87' lang='lat' dir='ltr'><strong>idem</strong></span> <span class='ocrx_word' id='word_1_24' title='bbox 1549 481 1752 536; x_wconf 88' lang='lat' dir='ltr'><strong>metus</strong></span> <span class='ocrx_word' id='word_1_25' title='bbox 1773 473 2018 536; x_wconf 88' lang='lat' dir='ltr'><strong>Sestum</strong></span> <span class='ocrx_word' id='word_1_26' title='bbox 2039 476 2370 539; x_wconf 81' lang='lat' dir='ltr'><strong>incolentis</strong></span> 
     </span>
     <span class='ocr_line' id='line_1_4' title="bbox 407 557 2364 638; baseline -0.001 -16"><span class='ocrx_word' id='word_1_27' title='bbox 407 563 685 638; x_wconf 85' lang='lat' dir='ltr'><strong>aliasque</strong></span> <span class='ocrx_word' id='word_1_28' title='bbox 714 559 1083 621; x_wconf 86' lang='lat' dir='ltr'><strong>Chersonesi</strong></span> <span class='ocrx_word' id='word_1_29' title='bbox 1122 558 1308 618; x_wconf 87' lang='lat' dir='ltr'><strong>urbes</strong></span> <span class='ocrx_word' id='word_1_30' title='bbox 1339 558 1400 617; x_wconf 91' lang='lat' dir='ltr'><strong>in</strong></span> <span class='ocrx_word' id='word_1_31' title='bbox 1429 558 1802 620; x_wconf 85' lang='lat' dir='ltr'><strong>deditionem</strong></span> <span class='ocrx_word' id='word_1_32' title='bbox 1829 557 2017 619; x_wconf 88' lang='lat' dir='ltr'><strong>dedit.</strong></span> <span class='ocrx_word' id='word_1_33' title='bbox 2079 559 2364 637; x_wconf 80' lang='lat' dir='ltr'><strong>Lysima-</strong></span> 
     </span>
     <span class='ocr_line' id='line_1_5' title="bbox 409 641 2368 720; baseline -0.001 -14"><span class='ocrx_word' id='word_1_34' title='bbox 409 646 605 706; x_wconf 84' lang='lat' dir='ltr'><strong>chiam</strong></span> <span class='ocrx_word' id='word_1_35' title='bbox 646 643 790 705; x_wconf 89' lang='lat' dir='ltr'><strong>inde</strong></span> <span class='ocrx_word' id='word_1_36' title='bbox 828 643 1109 706; x_wconf 83' lang='lat' dir='ltr'><strong>omnibus</strong></span> <span class='ocrx_word' id='word_1_37' title='bbox 1152 641 1332 702; x_wconf 88' lang='lat' dir='ltr'><strong>simul</strong></span> <span class='ocrx_word' id='word_1_38' title='bbox 1374 641 1691 702; x_wconf 87' lang='lat' dir='ltr'><strong>navalibus</strong></span> <span class='ocrx_word' id='word_1_39' title='bbox 1732 643 2127 706; x_wconf 74' lang='lat' dir='ltr'><strong>terrestribus</strong></span> <span class='ocrx_word' id='word_1_40' title='bbox 2170 644 2368 720; x_wconf 89' lang='lat' dir='ltr'><strong>copiis</strong></span> 
     </span>
     <span class='ocr_line' id='line_1_6' title="bbox 404 727 2368 804; baseline -0.002 -15"><span class='ocrx_word' id='word_1_41' title='bbox 404 730 588 793; x_wconf 72' lang='lat' dir='ltr'><strong>venit,</strong></span> <span class='ocrx_word' id='word_1_42' title='bbox 621 744 805 804; x_wconf 87' lang='lat' dir='ltr'><strong>quam</strong></span> <span class='ocrx_word' id='word_1_43' title='bbox 830 743 966 788; x_wconf 88' lang='lat' dir='ltr'><strong>cum</strong></span> <span class='ocrx_word' id='word_1_44' title='bbox 990 727 1297 787; x_wconf 80' lang='lat' dir='ltr'><strong>desertam</strong></span> <span class='ocrx_word' id='word_1_45' title='bbox 1319 740 1394 786; x_wconf 90' lang='lat' dir='ltr'><strong>ac</strong></span> <span class='ocrx_word' id='word_1_46' title='bbox 1417 731 1664 786; x_wconf 84' lang='lat' dir='ltr'><strong>stratam</strong></span> <span class='ocrx_word' id='word_1_47' title='bbox 1688 740 1886 800; x_wconf 86' lang='lat' dir='ltr'><strong>prope</strong></span> <span class='ocrx_word' id='word_1_48' title='bbox 1908 741 2154 788; x_wconf 84' lang='lat' dir='ltr'><strong>omnem</strong></span> <span class='ocrx_word' id='word_1_49' title='bbox 2173 727 2368 788; x_wconf 88' lang='lat' dir='ltr'><strong>ruinis</strong></span> 
     </span>
     <span class='ocr_line' id='line_1_7' title="bbox 407 806 2369 886; baseline -0.001 -14"><span class='ocrx_word' id='word_1_50' title='bbox 407 813 746 872; x_wconf 84' lang='lat' dir='ltr'><strong>invenisset</strong></span> <span class='ocrx_word' id='word_1_51' title='bbox 769 841 855 858; x_wconf 87' lang='lat'><strong>--</strong></span> <span class='ocrx_word' id='word_1_52' title='bbox 884 817 1175 886; x_wconf 79' lang='lat' dir='ltr'><strong>ceperant</strong></span> <span class='ocrx_word' id='word_1_53' title='bbox 1234 815 1437 870; x_wconf 90' lang='lat' dir='ltr'><strong>autem</strong></span> <span class='ocrx_word' id='word_1_54' title='bbox 1492 806 1916 884; x_wconf 74' lang='lat' dir='ltr'><strong>direptamque</strong></span> <span class='ocrx_word' id='word_1_55' title='bbox 1968 809 2369 874; x_wconf 76' lang='lat' dir='ltr'><strong>incenderant</strong></span> 
     </span>
     <span class='ocr_line' id='line_1_8' title="bbox 404 890 2368 970; baseline -0.002 -13"><span class='ocrx_word' id='word_1_56' title='bbox 404 896 670 958; x_wconf 86' lang='lat' dir='ltr'><strong>Thraces</strong></span> <span class='ocrx_word' id='word_1_57' title='bbox 720 893 937 970; x_wconf 84' lang='lat' dir='ltr'><strong>paucis</strong></span> <span class='ocrx_word' id='word_1_58' title='bbox 984 899 1127 954; x_wconf 87' lang='lat' dir='ltr'><strong>ante</strong></span> <span class='ocrx_word' id='word_1_59' title='bbox 1174 890 1352 952; x_wconf 86' lang='lat' dir='ltr'><strong>annis</strong></span> <span class='ocrx_word' id='word_1_60' title='bbox 1375 921 1488 965; x_wconf 85' lang='lat'><strong>—-‚</strong></span> <span class='ocrx_word' id='word_1_61' title='bbox 1545 890 1768 968; x_wconf 85' lang='lat' dir='ltr'><strong>cupido</strong></span> <span class='ocrx_word' id='word_1_62' title='bbox 1819 907 1964 954; x_wconf 86' lang='lat' dir='ltr'><strong>eum</strong></span> <span class='ocrx_word' id='word_1_63' title='bbox 2007 892 2368 958; x_wconf 68' lang='lat' dir='ltr'><strong>restitumndi</strong></span> 
     </span>
     <span class='ocr_line' id='line_1_9' title="bbox 406 976 2368 1053; baseline -0.002 -12"><span class='ocrx_word' id='word_1_64' title='bbox 406 980 670 1041; x_wconf 91' lang='lat' dir='ltr'><strong>nobilem</strong></span> <span class='ocrx_word' id='word_1_65' title='bbox 720 979 935 1039; x_wconf 83' lang='lat' dir='ltr'><strong>urbem</strong></span> <span class='ocrx_word' id='word_1_66' title='bbox 983 984 1044 1038; x_wconf 88' lang='lat' dir='ltr'><strong>et</strong></span> <span class='ocrx_word' id='word_1_67' title='bbox 1089 978 1228 1038; x_wconf 85' lang='lat' dir='ltr'><strong>loco</strong></span> <span class='ocrx_word' id='word_1_68' title='bbox 1281 976 1460 1036; x_wconf 84' lang='lat' dir='ltr'><strong>sitam</strong></span> <span class='ocrx_word' id='word_1_69' title='bbox 1510 981 1860 1051; x_wconf 83' lang='lat' dir='ltr'><strong>opportuno</strong></span> <span class='ocrx_word' id='word_1_70' title='bbox 1909 977 2094 1052; x_wconf 85' lang='lat' dir='ltr'><strong>cepit.</strong></span> <span class='ocrx_word' id='word_1_71' title='bbox 2161 977 2368 1053; x_wconf 86' lang='lat' dir='ltr'><strong>itaque</strong></span> 
     </span>
     <span class='ocr_line' id='line_1_10' title="bbox 409 1061 2373 1134; baseline -0.004 -8"><span class='ocrx_word' id='word_1_72' title='bbox 409 1062 613 1126; x_wconf 87' lang='lat' dir='ltr'><strong>omnia</strong></span> <span class='ocrx_word' id='word_1_73' title='bbox 646 1062 828 1124; x_wconf 90' lang='lat' dir='ltr'><strong>simul</strong></span> <span class='ocrx_word' id='word_1_74' title='bbox 856 1069 953 1122; x_wconf 87' lang='lat' dir='ltr'><strong>est</strong></span> <span class='ocrx_word' id='word_1_75' title='bbox 980 1061 1318 1134; x_wconf 78' lang='lat' dir='ltr'><strong>adgressus</strong></span> <span class='ocrx_word' id='word_1_76' title='bbox 1332 1104 1348 1134; x_wconf 93' lang='lat'><strong>,</strong></span> <span class='ocrx_word' id='word_1_77' title='bbox 1391 1064 1453 1119; x_wconf 89' lang='lat' dir='ltr'><strong>et</strong></span> <span class='ocrx_word' id='word_1_78' title='bbox 1478 1065 1640 1120; x_wconf 83' lang='lat' dir='ltr'><strong>tecta</strong></span> <span class='ocrx_word' id='word_1_79' title='bbox 1673 1075 1884 1120; x_wconf 85' lang='lat' dir='ltr'><strong>muros</strong></span> <span class='ocrx_word' id='word_1_80' title='bbox 1911 1061 2270 1134; x_wconf 79' lang='lat' dir='ltr'><strong>restituere,</strong></span> <span class='ocrx_word' id='word_1_81' title='bbox 2312 1067 2373 1120; x_wconf 91' lang='lat' dir='ltr'><strong>et</strong></span> 
     </span>
     <span class='ocr_line' id='line_1_11' title="bbox 406 1141 2373 1222; baseline -0.001 -16"><span class='ocrx_word' id='word_1_82' title='bbox 406 1146 626 1222; x_wconf 89' lang='lat' dir='ltr'><strong>partim</strong></span> <span class='ocrx_word' id='word_1_83' title='bbox 662 1145 965 1207; x_wconf 86' lang='lat' dir='ltr'><strong>redimere</strong></span> <span class='ocrx_word' id='word_1_84' title='bbox 1007 1142 1326 1204; x_wconf 89' lang='lat' dir='ltr'><strong>servientis</strong></span> <span class='ocrx_word' id='word_1_85' title='bbox 1368 1141 1916 1220; x_wconf 74' lang='lat' dir='ltr'><strong>Lysimachenses,</strong></span> <span class='ocrx_word' id='word_1_86' title='bbox 1958 1145 2180 1218; x_wconf 82' lang='lat' dir='ltr'><strong>partim</strong></span> <span class='ocrx_word' id='word_1_87' title='bbox 2227 1145 2373 1219; x_wconf 76' lang='lat' dir='ltr'><strong>ruga</strong></span> 
     </span>
     <span class='ocr_line' id='line_1_12' title="bbox 412 1225 2370 1305; baseline -0.001 -15"><span class='ocrx_word' id='word_1_88' title='bbox 412 1245 673 1305; x_wconf 88' lang='lat' dir='ltr'><strong>sparsos</strong></span> <span class='ocrx_word' id='word_1_89' title='bbox 724 1243 839 1303; x_wconf 88' lang='lat' dir='ltr'><strong>per</strong></span> <span class='ocrx_word' id='word_1_90' title='bbox 874 1227 1338 1301; x_wconf 76' lang='lat' dir='ltr'><strong>Hellespontum</strong></span> <span class='ocrx_word' id='word_1_91' title='bbox 1376 1225 1954 1303; x_wconf 71' lang='lat' dir='ltr'><strong>Chersonesumque</strong></span> <span class='ocrx_word' id='word_1_92' title='bbox 2002 1228 2370 1303; x_wconf 81' lang='lat' dir='ltr'><strong>conquirere</strong></span> 
     </span>
     <span class='ocr_line' id='line_1_13' title="bbox 408 1310 2372 1386; baseline -0.001 -12"><span class='ocrx_word' id='word_1_93' title='bbox 408 1322 470 1375; x_wconf 88' lang='lat' dir='ltr'><strong>et</strong></span> <span class='ocrx_word' id='word_1_94' title='bbox 510 1311 896 1386; x_wconf 80' lang='lat' dir='ltr'><strong>contrahere,</strong></span> <span class='ocrx_word' id='word_1_95' title='bbox 944 1310 1162 1386; x_wconf 86' lang='lat' dir='ltr'><strong>partim</strong></span> <span class='ocrx_word' id='word_1_96' title='bbox 1205 1324 1405 1372; x_wconf 89' lang='lat' dir='ltr'><strong>novos</strong></span> <span class='ocrx_word' id='word_1_97' title='bbox 1447 1311 1708 1372; x_wconf 81' lang='lat' dir='ltr'><strong>colonos</strong></span> <span class='ocrx_word' id='word_1_98' title='bbox 1749 1326 1866 1386; x_wconf 85' lang='lat' dir='ltr'><strong>spe</strong></span> <span class='ocrx_word' id='word_1_99' title='bbox 1906 1312 2372 1380; x_wconf 83' lang='lat' dir='ltr'><strong>commodorum</strong></span> 
     </span>
     <span class='ocr_line' id='line_1_14' title="bbox 407 1393 2372 1474; baseline -0.001 -16"><span class='ocrx_word' id='word_1_100' title='bbox 407 1398 731 1474; x_wconf 85' lang='lat' dir='ltr'><strong>proposita</strong></span> <span class='ocrx_word' id='word_1_101' title='bbox 769 1395 1153 1468; x_wconf 84' lang='lat' dir='ltr'><strong>adscribere,</strong></span> <span class='ocrx_word' id='word_1_102' title='bbox 1197 1400 1258 1455; x_wconf 90' lang='lat' dir='ltr'><strong>et</strong></span> <span class='ocrx_word' id='word_1_103' title='bbox 1299 1393 1464 1456; x_wconf 89' lang='lat' dir='ltr'><strong>omni</strong></span> <span class='ocrx_word' id='word_1_104' title='bbox 1503 1395 1689 1458; x_wconf 76' lang='lat' dir='ltr'><strong>modo</strong></span> <span class='ocrx_word' id='word_1_105' title='bbox 1719 1395 2146 1470; x_wconf 63' lang='lat' dir='ltr'><strong>frequentares</strong></span> <span class='ocrx_word' id='word_1_106' title='bbox 2191 1395 2372 1460; x_wconf 83' lang='lat' dir='ltr'><strong>simul</strong></span> 
     </span>
     <span class='ocr_line' id='line_1_15' title="bbox 406 1477 2369 1554; baseline -0.002 -12"><span class='ocrx_word' id='word_1_107' title='bbox 406 1489 475 1542; x_wconf 89' lang='lat' dir='ltr'><strong>ut</strong></span> <span class='ocrx_word' id='word_1_108' title='bbox 498 1482 799 1542; x_wconf 88' lang='lat' dir='ltr'><strong>Thracum</strong></span> <span class='ocrx_word' id='word_1_109' title='bbox 828 1485 1316 1541; x_wconf 85' lang='lat' dir='ltr'><strong>summoveretur</strong></span> <span class='ocrx_word' id='word_1_110' title='bbox 1343 1484 1570 1552; x_wconf 88' lang='lat' dir='ltr'><strong>metus,</strong></span> <span class='ocrx_word' id='word_1_111' title='bbox 1599 1478 1739 1554; x_wconf 83' lang='lat' dir='ltr'><strong>ipse</strong></span> <span class='ocrx_word' id='word_1_112' title='bbox 1766 1485 1940 1554; x_wconf 88' lang='lat' dir='ltr'><strong>parte</strong></span> <span class='ocrx_word' id='word_1_113' title='bbox 1969 1477 2228 1542; x_wconf 86' lang='lat' dir='ltr'><strong>dimidia</strong></span> <span class='ocrx_word' id='word_1_114' title='bbox 2255 1487 2369 1540; x_wconf 90' lang='lat' dir='ltr'><strong>ter-</strong></span> 
     </span>
     <span class='ocr_line' id='line_1_16' title="bbox 408 1561 2370 1638; baseline 0 -16"><span class='ocrx_word' id='word_1_115' title='bbox 408 1563 693 1624; x_wconf 88' lang='lat' dir='ltr'><strong>restrium</strong></span> <span class='ocrx_word' id='word_1_116' title='bbox 724 1561 1041 1638; x_wconf 87' lang='lat' dir='ltr'><strong>copiarum</strong></span> <span class='ocrx_word' id='word_1_117' title='bbox 1074 1562 1153 1622; x_wconf 91' lang='lat' dir='ltr'><strong>ad</strong></span> <span class='ocrx_word' id='word_1_118' title='bbox 1186 1562 1620 1636; x_wconf 86' lang='lat' dir='ltr'><strong>depopulanda</strong></span> <span class='ocrx_word' id='word_1_119' title='bbox 1647 1563 1932 1636; x_wconf 81' lang='lat' dir='ltr'><strong>proxima</strong></span> <span class='ocrx_word' id='word_1_120' title='bbox 1949 1561 2250 1624; x_wconf 82' lang='lat' dir='ltr'><strong>Thraciae</strong></span> <span class='ocrx_word' id='word_1_121' title='bbox 2277 1571 2370 1623; x_wconf 88' lang='lat' dir='ltr'><strong>est</strong></span> 
     </span>
     <span class='ocr_line' id='line_1_17' title="bbox 410 1643 2368 1722; baseline 0.001 -18"><span class='ocrx_word' id='word_1_122' title='bbox 410 1647 759 1721; x_wconf 57' lang='lat' dir='ltr'><strong>profectum</strong></span> <span class='ocrx_word' id='word_1_123' title='bbox 817 1652 1055 1721; x_wconf 88' lang='lat' dir='ltr'><strong>partem</strong></span> <span class='ocrx_word' id='word_1_124' title='bbox 1100 1645 1464 1721; x_wconf 81' lang='lat' dir='ltr'><strong>navalisque</strong></span> <span class='ocrx_word' id='word_1_125' title='bbox 1514 1646 1712 1706; x_wconf 87' lang='lat' dir='ltr'><strong>omnis</strong></span> <span class='ocrx_word' id='word_1_126' title='bbox 1761 1643 1971 1708; x_wconf 83' lang='lat' dir='ltr'><strong>socios</strong></span> <span class='ocrx_word' id='word_1_127' title='bbox 2018 1646 2268 1722; x_wconf 85' lang='lat' dir='ltr'><strong>reliquit</strong></span> <span class='ocrx_word' id='word_1_128' title='bbox 2309 1647 2368 1705; x_wconf 91' lang='lat' dir='ltr'><strong>in</strong></span> 
     </span>
     <span class='ocr_line' id='line_1_18' title="bbox 410 1727 1318 1804; baseline -0.007 -14"><span class='ocrx_word' id='word_1_129' title='bbox 410 1728 701 1804; x_wconf 86' lang='lat' dir='ltr'><strong>operibus</strong></span> <span class='ocrx_word' id='word_1_130' title='bbox 729 1729 1099 1790; x_wconf 86' lang='lat' dir='ltr'><strong>reficiendae</strong></span> <span class='ocrx_word' id='word_1_131' title='bbox 1126 1727 1318 1790; x_wconf 84' lang='lat' dir='ltr'><strong>urbis.</strong></span> 
     </span>
    </p>

    <p class='ocr_par' dir='ltr' id='par_1_3' title="bbox 405 1809 2375 3563">
     <span class='ocr_line' id='line_1_19' title="bbox 575 1809 2370 1888; baseline -0.001 -14"><span class='ocrx_word' id='word_1_132' title='bbox 575 1811 839 1874; x_wconf 85' lang='lat' dir='ltr'>XXXIX.</span> <span class='ocrx_word' id='word_1_133' title='bbox 888 1809 1017 1872; x_wconf 91' lang='lat' dir='ltr'><strong>Sub</strong></span> <span class='ocrx_word' id='word_1_134' title='bbox 1045 1810 1167 1871; x_wconf 88' lang='lat' dir='ltr'><strong>hoc</strong></span> <span class='ocrx_word' id='word_1_135' title='bbox 1195 1816 1440 1886; x_wconf 83' lang='lat' dir='ltr'><strong>tempus</strong></span> <span class='ocrx_word' id='word_1_136' title='bbox 1467 1819 1527 1874; x_wconf 91' lang='lat' dir='ltr'><strong>et</strong></span> <span class='ocrx_word' id='word_1_137' title='bbox 1552 1812 1620 1871; x_wconf 89' lang='lat' dir='ltr'><strong>L.</strong></span> <span class='ocrx_word' id='word_1_138' title='bbox 1654 1813 1998 1888; x_wconf 83' lang='lat' dir='ltr'><strong>Cornelius,</strong></span> <span class='ocrx_word' id='word_1_139' title='bbox 2029 1812 2265 1876; x_wconf 77' lang='lat' dir='ltr'><strong>missus·</strong></span> <span class='ocrx_word' id='word_1_140' title='bbox 2293 1813 2370 1874; x_wconf 85' lang='lat' dir='ltr'><strong>ab</strong></span> 
     </span>
     <span class='ocr_line' id='line_1_20' title="bbox 410 1893 2372 1971; baseline -0.001 -14"><span class='ocrx_word' id='word_1_141' title='bbox 410 1903 631 1958; x_wconf 85' lang='lat' dir='ltr'><strong>senatu</strong></span> <span class='ocrx_word' id='word_1_142' title='bbox 684 1895 767 1956; x_wconf 90' lang='lat' dir='ltr'><strong>ad</strong></span> <span class='ocrx_word' id='word_1_143' title='bbox 818 1894 1156 1956; x_wconf 88' lang='lat' dir='ltr'><strong>dirimenda</strong></span> <span class='ocrx_word' id='word_1_144' title='bbox 1207 1893 1364 1956; x_wconf 87' lang='lat' dir='ltr'><strong>inter</strong></span> <span class='ocrx_word' id='word_1_145' title='bbox 1412 1894 1782 1960; x_wconf 80' lang='lat' dir='ltr'><strong>Antiochum</strong></span> <span class='ocrx_word' id='word_1_146' title='bbox 1833 1896 2372 1971; x_wconf 78' lang='lat' dir='ltr'><strong>Ptolemaeumque</strong></span> 
     </span>
     <span class='ocr_line' id='line_1_21' title="bbox 409 1975 2371 2057; baseline 0.002 -17"><span class='ocrx_word' id='word_1_147' title='bbox 409 1996 591 2055; x_wconf 82' lang='lat' dir='ltr'><strong>reges</strong></span> <span class='ocrx_word' id='word_1_148' title='bbox 616 1979 961 2053; x_wconf 83' lang='lat' dir='ltr'><strong>certamina,</strong></span> <span class='ocrx_word' id='word_1_149' title='bbox 979 1975 1363 2057; x_wconf 72' lang='lat' dir='ltr'><strong>Selymbriae</strong></span> <span class='ocrx_word' id='word_1_150' title='bbox 1386 1979 1684 2053; x_wconf 69' lang='lat' dir='ltr'><strong>substitit3</strong></span> <span class='ocrx_word' id='word_1_151' title='bbox 1713 1987 1776 2043; x_wconf 86' lang='lat' dir='ltr'><strong>et</strong></span> <span class='ocrx_word' id='word_1_152' title='bbox 1795 1982 2009 2041; x_wconf 87' lang='lat' dir='ltr'><strong>decem</strong></span> <span class='ocrx_word' id='word_1_153' title='bbox 2028 1982 2371 2056; x_wconf 77' lang='lat' dir='ltr'><strong>legatorum</strong></span> 
     </span>
     <span class='ocr_line' id='line_1_22' title="bbox 410 2060 2370 2139; baseline 0.002 -18"><span class='ocrx_word' id='word_1_154' title='bbox 410 2064 472 2122; x_wconf 92' lang='lat' dir='ltr'><strong>P.</strong></span> <span class='ocrx_word' id='word_1_155' title='bbox 498 2064 787 2125; x_wconf 87' lang='lat' dir='ltr'><strong>Lentulus</strong></span> <span class='ocrx_word' id='word_1_156' title='bbox 815 2078 853 2123; x_wconf 88' lang='lat' dir='ltr'><strong>a</strong></span> <span class='ocrx_word' id='word_1_157' title='bbox 871 2060 1197 2139; x_wconf 72' lang='lat' dir='ltr'><strong>Bargyliis,</strong></span> <span class='ocrx_word' id='word_1_158' title='bbox 1219 2061 1286 2122; x_wconf 89' lang='lat' dir='ltr'><strong>P.</strong></span> <span class='ocrx_word' id='word_1_159' title='bbox 1308 2061 1532 2125; x_wconf 81' lang='lat' dir='ltr'><strong>Villius</strong></span> <span class='ocrx_word' id='word_1_160' title='bbox 1553 2070 1615 2129; x_wconf 86' lang='lat' dir='ltr'><strong>et</strong></span> <span class='ocrx_word' id='word_1_161' title='bbox 1632 2065 1699 2131; x_wconf 87' lang='lat' dir='ltr'><strong>L.</strong></span> <span class='ocrx_word' id='word_1_162' title='bbox 1722 2064 2040 2127; x_wconf 85' lang='lat' dir='ltr'><strong>Terentius</strong></span> <span class='ocrx_word' id='word_1_163' title='bbox 2065 2065 2146 2125; x_wconf 89' lang='lat' dir='ltr'><strong>ab</strong></span> <span class='ocrx_word' id='word_1_164' title='bbox 2165 2065 2370 2127; x_wconf 87' lang='lat' dir='ltr'><strong>Thaso</strong></span> 
     </span>
     <span class='ocr_line' id='line_1_23' title="bbox 410 2145 2368 2227; baseline 0.001 -20"><span class='ocrx_word' id='word_1_165' title='bbox 410 2146 859 2227; x_wconf 76' lang='lat' dir='ltr'><strong>Lysimachiam</strong></span> <span class='ocrx_word' id='word_1_166' title='bbox 900 2147 1221 2223; x_wconf 88' lang='lat' dir='ltr'><strong>petierunt.</strong></span> <span class='ocrx_word' id='word_1_167' title='bbox 1289 2145 1511 2207; x_wconf 89' lang='lat' dir='ltr'><strong>eodem</strong></span> <span class='ocrx_word' id='word_1_168' title='bbox 1553 2155 1614 2210; x_wconf 91' lang='lat' dir='ltr'><strong>et</strong></span> <span class='ocrx_word' id='word_1_169' title='bbox 1639 2148 1718 2211; x_wconf 88' lang='lat' dir='ltr'><strong>ab</strong></span> <span class='ocrx_word' id='word_1_170' title='bbox 1751 2146 2099 2227; x_wconf 76' lang='lat' dir='ltr'><strong>Selymbria</strong></span> <span class='ocrx_word' id='word_1_171' title='bbox 2126 2148 2193 2207; x_wconf 87' lang='lat' dir='ltr'><strong>L.</strong></span> <span class='ocrx_word' id='word_1_172' title='bbox 2227 2149 2368 2210; x_wconf 88' lang='lat' dir='ltr'><strong>Cor·</strong></span> 
     </span>
     <span class='ocr_line' id='line_1_24' title="bbox 410 2229 2370 2307; baseline 0.001 -16"><span class='ocrx_word' id='word_1_173' title='bbox 410 2232 605 2294; x_wconf 82' lang='lat' dir='ltr'><strong>nelias</strong></span> <span class='ocrx_word' id='word_1_174' title='bbox 646 2238 709 2293; x_wconf 86' lang='lat' dir='ltr'><strong>et</strong></span> <span class='ocrx_word' id='word_1_175' title='bbox 733 2246 815 2293; x_wconf 86' lang='lat' dir='ltr'><strong>ex</strong></span> <span class='ocrx_word' id='word_1_176' title='bbox 838 2229 1095 2291; x_wconf 87' lang='lat' dir='ltr'><strong>Thracia</strong></span> <span class='ocrx_word' id='word_1_177' title='bbox 1134 2246 1370 2307; x_wconf 85' lang='lat' dir='ltr'><strong>paucos</strong></span> <span class='ocrx_word' id='word_1_178' title='bbox 1411 2238 1558 2306; x_wconf 89' lang='lat' dir='ltr'><strong>post</strong></span> <span class='ocrx_word' id='word_1_179' title='bbox 1597 2231 1734 2293; x_wconf 88' lang='lat' dir='ltr'><strong>dies</strong></span> <span class='ocrx_word' id='word_1_180' title='bbox 1760 2230 2103 2293; x_wconf 80' lang='lat' dir='ltr'><strong>Antioehus</strong></span> <span class='ocrx_word' id='word_1_181' title='bbox 2147 2248 2370 2295; x_wconf 87' lang='lat' dir='ltr'><strong>conve·</strong></span> 
     </span>
     <span class='ocr_line' id='line_1_25' title="bbox 410 2314 2370 2392; baseline 0 -16"><span class='ocrx_word' id='word_1_182' title='bbox 410 2323 645 2378; x_wconf 89' lang='lat' dir='ltr'><strong>nerunt.</strong></span> <span class='ocrx_word' id='word_1_183' title='bbox 704 2316 938 2392; x_wconf 88' lang='lat' dir='ltr'><strong>primus</strong></span> <span class='ocrx_word' id='word_1_184' title='bbox 981 2329 1359 2390; x_wconf 80' lang='lat' dir='ltr'><strong>congressus</strong></span> <span class='ocrx_word' id='word_1_185' title='bbox 1389 2330 1526 2375; x_wconf 89' lang='lat' dir='ltr'><strong>cum</strong></span> <span class='ocrx_word' id='word_1_186' title='bbox 1554 2314 1772 2391; x_wconf 79' lang='lat' dir='ltr'><strong>legatis</strong></span> <span class='ocrx_word' id='word_1_187' title='bbox 1801 2324 1864 2376; x_wconf 88' lang='lat' dir='ltr'><strong>et</strong></span> <span class='ocrx_word' id='word_1_188' title='bbox 1891 2315 2189 2391; x_wconf 82' lang='lat' dir='ltr'><strong>deinceps</strong></span> <span class='ocrx_word' id='word_1_189' title='bbox 2219 2318 2370 2377; x_wconf 88' lang='lat' dir='ltr'><strong>invi·</strong></span> 
     </span>
     <span class='ocr_line' id='line_1_26' title="bbox 412 2397 2372 2476; baseline -0.001 -15"><span class='ocrx_word' id='word_1_190' title='bbox 412 2401 554 2461; x_wconf 82' lang='lat' dir='ltr'><strong>tatio</strong></span> <span class='ocrx_word' id='word_1_191' title='bbox 594 2399 861 2475; x_wconf 82' lang='lat' dir='ltr'><strong>benigna</strong></span> <span class='ocrx_word' id='word_1_192' title='bbox 902 2404 965 2459; x_wconf 88' lang='lat' dir='ltr'><strong>et</strong></span> <span class='ocrx_word' id='word_1_193' title='bbox 989 2397 1312 2474; x_wconf 85' lang='lat' dir='ltr'><strong>hospitalis</strong></span> <span class='ocrx_word' id='word_1_194' title='bbox 1353 2398 1484 2459; x_wconf 82' lang='lat' dir='ltr'><strong>fuit.</strong></span> <span class='ocrx_word' id='word_1_195' title='bbox 1547 2405 1618 2461; x_wconf 83' lang='lat' dir='ltr'><strong>ut</strong></span> <span class='ocrx_word' id='word_1_196' title='bbox 1643 2399 1722 2461; x_wconf 84' lang='lat' dir='ltr'><strong>de</strong></span> <span class='ocrx_word' id='word_1_197' title='bbox 1749 2398 2052 2462; x_wconf 83' lang='lat' dir='ltr'><strong>mandatis</strong></span> <span class='ocrx_word' id='word_1_198' title='bbox 2081 2404 2372 2476; x_wconf 80' lang='lat' dir='ltr'><strong>statuque</strong></span> 
     </span>
     <span class='ocr_line' id='line_1_27' title="bbox 411 2480 2367 2558; baseline 0.001 -18"><span class='ocrx_word' id='word_1_199' title='bbox 411 2484 719 2556; x_wconf 86' lang='lat' dir='ltr'><strong>praesenti</strong></span> <span class='ocrx_word' id='word_1_200' title='bbox 742 2480 937 2542; x_wconf 85' lang='lat' dir='ltr'><strong>Asiae</strong></span> <span class='ocrx_word' id='word_1_201' title='bbox 976 2482 1077 2555; x_wconf 81' lang='lat' dir='ltr'><strong>agi</strong></span> <span class='ocrx_word' id='word_1_202' title='bbox 1118 2490 1408 2556; x_wconf 90' lang='lat' dir='ltr'><strong>coeptum</strong></span> <span class='ocrx_word' id='word_1_203' title='bbox 1447 2487 1572 2555; x_wconf 88' lang='lat' dir='ltr'><strong>est,</strong></span> <span class='ocrx_word' id='word_1_204' title='bbox 1615 2482 1799 2545; x_wconf 82' lang='lat' dir='ltr'><strong>animi</strong></span> <span class='ocrx_word' id='word_1_205' title='bbox 1827 2482 2182 2558; x_wconf 79' lang='lat' dir='ltr'><strong>exasperati</strong></span> <span class='ocrx_word' id='word_1_206' title='bbox 2207 2491 2367 2545; x_wconf 88' lang='lat' dir='ltr'><strong>sunt.</strong></span> 
     </span>
     <span class='ocr_line' id='line_1_28' title="bbox 409 2562 2375 2645; baseline 0.001 -18"><span class='ocrx_word' id='word_1_207' title='bbox 409 2564 667 2627; x_wconf 84' lang='lat' dir='ltr'><strong>Romani</strong></span> <span class='ocrx_word' id='word_1_208' title='bbox 708 2562 913 2624; x_wconf 87' lang='lat' dir='ltr'><strong>omnia</strong></span> <span class='ocrx_word' id='word_1_209' title='bbox 953 2571 1091 2625; x_wconf 87' lang='lat' dir='ltr'><strong>acta</strong></span> <span class='ocrx_word' id='word_1_210' title='bbox 1117 2566 1285 2639; x_wconf 88' lang='lat' dir='ltr'><strong>eius,</strong></span> <span class='ocrx_word' id='word_1_211' title='bbox 1324 2580 1404 2625; x_wconf 85' lang='lat' dir='ltr'><strong>ex</strong></span> <span class='ocrx_word' id='word_1_212' title='bbox 1427 2568 1558 2641; x_wconf 85' lang='lat' dir='ltr'><strong>&#39;quo</strong></span> <span class='ocrx_word' id='word_1_213' title='bbox 1591 2574 1865 2643; x_wconf 66' lang='lat' dir='ltr'><strong>tempore</strong></span> <span class='ocrx_word' id='word_1_214' title='bbox 1891 2566 1972 2627; x_wconf 82' lang='lat' dir='ltr'><strong>ab</strong></span> <span class='ocrx_word' id='word_1_215' title='bbox 2001 2565 2188 2645; x_wconf 76' lang='lat' dir='ltr'><strong>Syria</strong></span> <span class='ocrx_word' id='word_1_216' title='bbox 2215 2568 2375 2629; x_wconf 83' lang='lat' dir='ltr'><strong>elas-</strong></span> 
     </span>
     <span class='ocr_line' id='line_1_29' title="bbox 410 2645 2347 2726; baseline 0.002 -19"><span class='ocrx_word' id='word_1_217' title='bbox 410 2662 541 2707; x_wconf 89' lang='lat' dir='ltr'><strong>sem</strong></span> <span class='ocrx_word' id='word_1_218' title='bbox 570 2647 878 2716; x_wconf 88' lang='lat' dir='ltr'><strong>solvisset,</strong></span> <span class='ocrx_word' id='word_1_219' title='bbox 912 2645 1240 2722; x_wconf 89' lang='lat' dir='ltr'><strong>displicere</strong></span> <span class='ocrx_word' id='word_1_220' title='bbox 1268 2650 1508 2711; x_wconf 80' lang='lat' dir='ltr'><strong>senatui</strong></span> <span class='ocrx_word' id='word_1_221' title='bbox 1531 2664 1654 2709; x_wconf 88' lang='lat' dir='ltr'><strong>non</strong></span> <span class='ocrx_word' id='word_1_222' title='bbox 1677 2648 2164 2726; x_wconf 79' lang='lat' dir='ltr'><strong>dissimulabant,</strong></span> <span class='ocrx_word' id='word_1_223' title='bbox 2193 2652 2347 2711; x_wconf 87' lang='lat' dir='ltr'><strong>resti</strong></span> 
     </span>
     <span class='ocr_line' id='line_1_30' title="bbox 409 2729 2370 2809; baseline 0.002 -19"><span class='ocrx_word' id='word_1_224' title='bbox 409 2730 619 2805; x_wconf 90' lang='lat' dir='ltr'><strong>tuique</strong></span> <span class='ocrx_word' id='word_1_225' title='bbox 662 2737 724 2790; x_wconf 90' lang='lat' dir='ltr'><strong>et</strong></span> <span class='ocrx_word' id='word_1_226' title='bbox 760 2729 1109 2792; x_wconf 83' lang='lat' dir='ltr'><strong>Ptolemaeo</strong></span> <span class='ocrx_word' id='word_1_227' title='bbox 1158 2747 1372 2793; x_wconf 90' lang='lat' dir='ltr'><strong>omnes</strong></span> <span class='ocrx_word' id='word_1_228' title='bbox 1415 2732 1691 2795; x_wconf 86' lang='lat' dir='ltr'><strong>civitates</strong></span> <span class='ocrx_word' id='word_1_229' title='bbox 1735 2748 1896 2809; x_wconf 85' lang='lat' dir='ltr'><strong>quae</strong></span> <span class='ocrx_word' id='word_1_230' title='bbox 1937 2734 2202 2797; x_wconf 65' lang='lat' dir='ltr'><strong>dicionis</strong></span> <span class='ocrx_word' id='word_1_231' title='bbox 2237 2735 2370 2796; x_wconf 89' lang='lat' dir='ltr'><strong>eius</strong></span> 
     </span>
     <span class='ocr_line' id='line_1_31' title="bbox 409 2812 2372 2892; baseline 0.003 -21"><span class='ocrx_word' id='word_1_232' title='bbox 409 2812 671 2873; x_wconf 78' lang='lat' dir='ltr'><strong>fuissent</strong></span> <span class='ocrx_word' id='word_1_233' title='bbox 712 2828 977 2889; x_wconf 87' lang='lat' dir='ltr'><strong>aequum</strong></span> <span class='ocrx_word' id='word_1_234' title='bbox 1018 2815 1382 2877; x_wconf 74' lang='lat' dir='ltr'><strong>censebant:</strong></span> <span class='ocrx_word' id='word_1_235' title='bbox 1440 2832 1582 2878; x_wconf 89' lang='lat' dir='ltr'><strong>nam</strong></span> <span class='ocrx_word' id='word_1_236' title='bbox 1625 2818 1795 2892; x_wconf 87' lang='lat' dir='ltr'><strong>quod</strong></span> <span class='ocrx_word' id='word_1_237' title='bbox 1833 2816 1916 2879; x_wconf 82' lang='lat' dir='ltr'><strong>ad</strong></span> <span class='ocrx_word' id='word_1_238' title='bbox 1955 2832 2066 2881; x_wconf 85' lang='lat' dir='ltr'><strong>eas</strong></span> <span class='ocrx_word' id='word_1_239' title='bbox 2092 2816 2372 2879; x_wconf 72' lang='lat' dir='ltr'><strong>civitates</strong></span> 
     </span>
     <span class='ocr_line' id='line_1_32' title="bbox 408 2895 2368 2976; baseline 0.003 -20"><span class='ocrx_word' id='word_1_240' title='bbox 408 2895 689 2957; x_wconf 84' lang='lat' dir='ltr'><strong>attineret</strong></span> <span class='ocrx_word' id='word_1_241' title='bbox 730 2911 889 2971; x_wconf 87' lang='lat' dir='ltr'><strong>quas</strong></span> <span class='ocrx_word' id='word_1_242' title='bbox 913 2912 952 2955; x_wconf 88' lang='lat' dir='ltr'><strong>a</strong></span> <span class='ocrx_word' id='word_1_243' title='bbox 977 2896 1259 2974; x_wconf 87' lang='lat' dir='ltr'><strong>Philippo</strong></span> <span class='ocrx_word' id='word_1_244' title='bbox 1301 2915 1639 2975; x_wconf 88' lang='lat' dir='ltr'><strong>possessas</strong></span> <span class='ocrx_word' id='word_1_245' title='bbox 1667 2899 2010 2963; x_wconf 85' lang='lat' dir='ltr'><strong>Antiochus</strong></span> <span class='ocrx_word' id='word_1_246' title='bbox 2041 2916 2158 2976; x_wconf 89' lang='lat' dir='ltr'><strong>per</strong></span> <span class='ocrx_word' id='word_1_247' title='bbox 2187 2916 2368 2963; x_wconf 88' lang='lat' dir='ltr'><strong>oeca-</strong></span> 
     </span>
     <span class='ocr_line' id='line_1_33' title="bbox 410 2979 2370 3060; baseline 0.003 -19"><span class='ocrx_word' id='word_1_248' title='bbox 410 2980 678 3056; x_wconf 86' lang='lat' dir='ltr'><strong>sionem,</strong></span> <span class='ocrx_word' id='word_1_249' title='bbox 732 2995 955 3041; x_wconf 86' lang='lat' dir='ltr'><strong>averso</strong></span> <span class='ocrx_word' id='word_1_250' title='bbox 996 2979 1282 3059; x_wconf 86' lang='lat' dir='ltr'><strong>Philippo</strong></span> <span class='ocrx_word' id='word_1_251' title='bbox 1321 2984 1384 3043; x_wconf 92' lang='lat' dir='ltr'><strong>in</strong></span> <span class='ocrx_word' id='word_1_252' title='bbox 1425 2985 1764 3046; x_wconf 87' lang='lat' dir='ltr'><strong>Romanum</strong></span> <span class='ocrx_word' id='word_1_253' title='bbox 1805 2984 2064 3060; x_wconf 84' lang='lat' dir='ltr'><strong>bellum,</strong></span> <span class='ocrx_word' id='word_1_254' title='bbox 2106 2984 2370 3049; x_wconf 78' lang='lat' dir='ltr'><strong>interce·</strong></span> 
     </span>
     <span class='ocr_line' id='line_1_34' title="bbox 405 3064 2370 3144; baseline 0.003 -20"><span class='ocrx_word' id='word_1_255' title='bbox 405 3065 621 3140; x_wconf 88' lang='lat' dir='ltr'><strong>pisset,</strong></span> <span class='ocrx_word' id='word_1_256' title='bbox 650 3064 714 3125; x_wconf 90' lang='lat' dir='ltr'><strong>id</strong></span> <span class='ocrx_word' id='word_1_257' title='bbox 735 3078 886 3125; x_wconf 87' lang='lat' dir='ltr'><strong>vero</strong></span> <span class='ocrx_word' id='word_1_258' title='bbox 910 3066 1230 3128; x_wconf 80' lang='lat' dir='ltr'><strong>ferendum</strong></span> <span class='ocrx_word' id='word_1_259' title='bbox 1254 3084 1378 3129; x_wconf 89' lang='lat' dir='ltr'><strong>non</strong></span> <span class='ocrx_word' id='word_1_260' title='bbox 1400 3083 1564 3142; x_wconf 81' lang='lat' dir='ltr'><strong>esse,</strong></span> <span class='ocrx_word' id='word_1_261' title='bbox 1585 3070 1902 3131; x_wconf 88' lang='lat' dir='ltr'><strong>Romanos</strong></span> <span class='ocrx_word' id='word_1_262' title='bbox 1923 3084 2038 3144; x_wconf 86' lang='lat' dir='ltr'><strong>per</strong></span> <span class='ocrx_word' id='word_1_263' title='bbox 2059 3074 2152 3131; x_wconf 87' lang='lat' dir='ltr'><strong>tot</strong></span> <span class='ocrx_word' id='word_1_264' title='bbox 2173 3085 2370 3131; x_wconf 86' lang='lat' dir='ltr'><strong>annos</strong></span> 
     </span>
     <span class='ocr_line' id='line_1_35' title="bbox 408 3148 2368 3227; baseline 0.004 -21"><span class='ocrx_word' id='word_1_265' title='bbox 408 3154 571 3207; x_wconf 88' lang='lat' dir='ltr'><strong>terra</strong></span> <span class='ocrx_word' id='word_1_266' title='bbox 609 3148 887 3225; x_wconf 89' lang='lat' dir='ltr'><strong>marique</strong></span> <span class='ocrx_word' id='word_1_267' title='bbox 928 3154 1097 3209; x_wconf 89' lang='lat' dir='ltr'><strong>tanta</strong></span> <span class='ocrx_word' id='word_1_268' title='bbox 1122 3150 1396 3225; x_wconf 87' lang='lat' dir='ltr'><strong>pericula</strong></span> <span class='ocrx_word' id='word_1_269' title='bbox 1424 3168 1499 3213; x_wconf 90' lang='lat' dir='ltr'><strong>ac</strong></span> <span class='ocrx_word' id='word_1_270' title='bbox 1525 3152 1771 3215; x_wconf 85' lang='lat' dir='ltr'><strong>labores</strong></span> <span class='ocrx_word' id='word_1_271' title='bbox 1785 3151 2203 3227; x_wconf 81' lang='lat' dir='ltr'><strong>exhausisse,</strong></span> <span class='ocrx_word' id='word_1_272' title='bbox 2245 3153 2368 3213; x_wconf 87' lang='lat' dir='ltr'><strong>An-</strong></span> 
     </span>
     <span class='ocr_line' id='line_1_36' title="bbox 410 3228 2371 3307; baseline 0.004 -18"><span class='ocrx_word' id='word_1_273' title='bbox 410 3228 675 3293; x_wconf 87' lang='lat' dir='ltr'><strong>tiochum</strong></span> <span class='ocrx_word' id='word_1_274' title='bbox 710 3230 854 3293; x_wconf 88' lang='lat' dir='ltr'><strong>belli</strong></span> <span class='ocrx_word' id='word_1_275' title='bbox 887 3233 1159 3307; x_wconf 85' lang='lat' dir='ltr'><strong>praemia</strong></span> <span class='ocrx_word' id='word_1_276' title='bbox 1186 3233 1434 3295; x_wconf 87' lang='lat' dir='ltr'><strong>habere.</strong></span> <span class='ocrx_word' id='word_1_277' title='bbox 1497 3236 1614 3297; x_wconf 89' lang='lat' dir='ltr'><strong>sed</strong></span> <span class='ocrx_word' id='word_1_278' title='bbox 1639 3236 1796 3297; x_wconf 89' lang='lat' dir='ltr'><strong>utin</strong></span> <span class='ocrx_word' id='word_1_279' title='bbox 1822 3235 2038 3298; x_wconf 84' lang='lat' dir='ltr'><strong>Asiam</strong></span> <span class='ocrx_word' id='word_1_280' title='bbox 2067 3236 2371 3298; x_wconf 81' lang='lat' dir='ltr'><strong>adventus</strong></span> 
     </span>
     <span class='ocr_line' id='line_1_37' title="bbox 408 3310 2373 3396; baseline 0.006 -27"><span class='ocrx_word' id='word_1_281' title='bbox 408 3312 539 3371; x_wconf 86' lang='lat' dir='ltr'><strong>eius</strong></span> <span class='ocrx_word' id='word_1_282' title='bbox 582 3310 952 3375; x_wconf 82' lang='lat' dir='ltr'><strong>dissimulari</strong></span> <span class='ocrx_word' id='word_1_283' title='bbox 988 3316 1063 3375; x_wconf 88' lang='lat' dir='ltr'><strong>ab</strong></span> <span class='ocrx_word' id='word_1_284' title='bbox 1093 3318 1387 3379; x_wconf 88' lang='lat' dir='ltr'><strong>Romanis</strong></span> <span class='ocrx_word' id='word_1_285' title='bbox 1419 3326 1724 3394; x_wconf 86' lang='lat' dir='ltr'><strong>tamquam</strong></span> <span class='ocrx_word' id='word_1_286' title='bbox 1750 3318 1900 3381; x_wconf 90' lang='lat' dir='ltr'><strong>nihil</strong></span> <span class='ocrx_word' id='word_1_287' title='bbox 1933 3320 2015 3381; x_wconf 87' lang='lat' dir='ltr'><strong>ad</strong></span> <span class='ocrx_word' id='word_1_288' title='bbox 2041 3336 2161 3391; x_wconf 84' lang='lat' dir='ltr'><strong>eos</strong></span> <span class='ocrx_word' id='word_1_289' title='bbox 2188 3320 2373 3396; x_wconf 88' lang='lat' dir='ltr'><strong>perti-</strong></span> 
     </span>
     <span class='ocr_line' id='line_1_38' title="bbox 410 3398 2373 3479; baseline 0.009 -32"><span class='ocrx_word' id='word_1_290' title='bbox 410 3407 563 3453; x_wconf 88' lang='lat' dir='ltr'><strong>nens</strong></span> <span class='ocrx_word' id='word_1_291' title='bbox 593 3398 875 3469; x_wconf 85' lang='lat' dir='ltr'><strong>potuerit,</strong></span> <span class='ocrx_word' id='word_1_292' title='bbox 910 3398 1101 3471; x_wconf 64' lang='lat' dir='ltr'><strong>quid?</strong></span> <span class='ocrx_word' id='word_1_293' title='bbox 1130 3401 1439 3474; x_wconf 82' lang='lat' dir='ltr'><strong>quodiam</strong></span> <span class='ocrx_word' id='word_1_294' title='bbox 1463 3403 1642 3462; x_wconf 88' lang='lat' dir='ltr'><strong>etiam</strong></span> <span class='ocrx_word' id='word_1_295' title='bbox 1663 3404 1722 3463; x_wconf 90' lang='lat' dir='ltr'><strong>in</strong></span> <span class='ocrx_word' id='word_1_296' title='bbox 1744 3403 2060 3479; x_wconf 85' lang='lat' dir='ltr'><strong>Europam</strong></span> <span class='ocrx_word' id='word_1_297' title='bbox 2082 3404 2373 3467; x_wconf 86' lang='lat' dir='ltr'><strong>omnibus</strong></span> 
     </span>
     <span class='ocr_line' id='line_1_39' title="bbox 412 3474 2375 3563; baseline 0.01 -35"><span class='ocrx_word' id='word_1_298' title='bbox 412 3474 731 3537; x_wconf 87' lang='lat' dir='ltr'><strong>navalibus</strong></span> <span class='ocrx_word' id='word_1_299' title='bbox 784 3482 1294 3555; x_wconf 82' lang='lat' dir='ltr'><strong>terrestribusque</strong></span> <span class='ocrx_word' id='word_1_300' title='bbox 1344 3484 1539 3559; x_wconf 88' lang='lat' dir='ltr'><strong>copiis</strong></span> <span class='ocrx_word' id='word_1_301' title='bbox 1595 3486 1930 3561; x_wconf 89' lang='lat' dir='ltr'><strong>transierit,</strong></span> <span class='ocrx_word' id='word_1_302' title='bbox 1989 3493 2287 3563; x_wconf 83' lang='lat' dir='ltr'><strong>quantum</strong></span> <span class='ocrx_word' id='word_1_303' title='bbox 2338 3504 2375 3547; x_wconf 86' lang='lat' dir='ltr'><strong>a</strong></span> 
     </span>
    </p>
   </div>
   <div class='ocr_carea' id='block_1_3' title="bbox 2221 3786 2280 3920">
    <p class='ocr_par' dir='ltr' id='par_1_4' title="bbox 2221 3786 2280 3920">
     <span class='ocr_line' id='line_1_40' title="bbox 2221 3786 2280 3920; baseline 0 -77"><span class='ocrx_word' id='word_1_304' title='bbox 2221 3786 2280 3920; x_wconf 47' lang='lat' dir='ltr'><strong>(l</strong></span> 
     </span>
    </p>
   </div>
   <div class='ocr_carea' id='block_1_4' title="bbox 2505 2334 2513 2969">
    <p class='ocr_par' dir='ltr' id='par_1_5' title="bbox 2505 2334 2513 2969">
     <span class='ocr_line' id='line_1_41' title="bbox 2505 2334 2513 2969; baseline 0 0"><span class='ocrx_word' id='word_1_305' title='bbox 2505 2334 2513 2969; x_wconf 95' lang='lat' dir='ltr'><strong> </strong></span> 
     </span>
    </p>
   </div>
  </div>
 </body>
</html>
