2548 3950
417 250 495 308 36
742 247 970 308 LIBER
997 246 1206 307 XXXI.
1255 225 1531 307 CAP.4o.
1560 253 1646 306 41.
1693 251 1765 342 [a.
1793 249 2089 315 u.c.552]

417 402 654 476 agmine
683 401 952 461 hostium
980 401 1297 472 viderunt,
1340 399 1704 473 priusquam
1732 396 2157 471 experirentur
2188 403 2382 457 certa-

417 502 584 560 men,
627 490 791 544 metu
819 484 879 543 in
911 484 1283 544 deditionem
1312 488 1630 542 venerunt.
1686 479 1763 540 ab
1795 479 2032 540 Celetro
2061 480 2124 539 in
2152 481 2384 541 Dassa·

417 570 602 628 retios
645 569 983 642 processit,
1025 567 1364 641 urbemque
1392 565 1603 625 Pelion
1631 564 1696 623 vi
1726 564 1906 639 cepit.
1964 564 2215 625 servitia
2241 565 2387 624 inde

419 670 557 712 cum
597 659 801 712 cetera
843 651 1078 726 praeda
1118 649 1397 722 abduxit,
1441 656 1502 709 et
1539 648 1733 708 libera
1774 647 1978 721 capita
2018 648 2153 707 sine
2184 649 2384 723 pretio

419 736 674 811 dimisit,
719 736 1139 811 oppidumque
1167 733 1243 793 iis
1271 732 1569 807 reddidit,
1598 731 1912 806 praesidio
1944 732 2150 792 valido
2184 733 2383 806 impo-

419 824 566 878 sito:
608 835 750 880 nam
791 825 851 879 et
891 818 1008 879 sita
1049 823 1397 892 opportune
1423 815 1573 877 urbs
1603 821 1734 875 erat
1760 815 1841 875 ad
1869 815 2134 891 impetus
2164 817 2225 876 in
2254 815 2381 875 Ma-

421 903 742 964 cedoniam
784 901 1124 962 faciendos.
1189 901 1272 962 ita
1299 898 1643 976 peragratis
1673 898 1941 960 hostium
1969 898 2133 975 agris
2166 901 2385 960 consul

419 990 477 1044 in
511 988 649 1048 loca
685 993 911 1062 pacata
948 985 1029 1044 ad
1068 985 1491 1059 Apolloniam,
1531 983 1698 1043 unde
1740 998 1923 1043 orsus
1966 982 2193 1043 bellum
2236 991 2384 1056 erat,

423 1072 636 1144 copias
663 1069 928 1130 reduxit.

584 1153 932 1228 Philippum
981 1158 1328 1212 averterant
1365 1151 1569 1211 Aetoli
1620 1159 1682 1211 et
1720 1150 2094 1210 Athamanes
2136 1158 2197 1209 et
2236 1151 2386 1210 Dar-

421 1238 563 1296 dani
592 1243 654 1297 et
677 1242 769 1297 tot
793 1236 956 1296 bella
982 1241 1236 1310 repente
1265 1235 1385 1294 alia
1413 1250 1492 1294 ex
1523 1235 1657 1294 aliis
1686 1234 1842 1295 locis
1872 1240 2105 1294 exorta.
2162 1235 2384 1294 adver-

425 1338 533 1380 sus
565 1320 920 1391 DardanoS‚
955 1319 1078 1379 iam
1106 1317 1473 1394 recipientes
1505 1334 1584 1378 ex
1610 1317 1979 1379 Macedonia
2004 1332 2165 1392 sese,
2197 1316 2385 1378 Athe·

421 1420 694 1480 nagoran
738 1419 875 1465 cum
920 1402 1226 1478 expeditis
1273 1403 1583 1478 peditibus
1626 1417 1700 1462 ac
1726 1403 1960 1465 malore
2001 1407 2175 1477 parte
2194 1402 2386 1476 equi·

419 1498 578 1548 tatus
602 1487 780 1562 misit,
795 1489 1036 1550 iussum
1056 1487 1285 1548 instare
1301 1487 1377 1547 ab
1400 1490 1572 1560 tergo
1598 1485 1981 1561 abeuntibus„
1998 1493 2060 1546 et
2072 1485 2388 1560 carpendo

423 1578 800 1646 postremum
833 1586 1053 1645 agmen
1082 1570 1404 1645 segniores
1433 1585 1544 1630 eos
1576 1570 1655 1631 ad
1684 1570 2026 1631 movendos
2064 1569 2249 1629 domo
2281 1585 2386 1628 ex·

421 1656 646 1714 ercitus
683 1653 952 1713 efficere.
1018 1654 1276 1714 Aetolos
1305 1654 1692 1714 Damocritus
1720 1661 1999 1729 praetor,
2043 1654 2149 1728 qui
2176 1668 2389 1714 morae

423 1740 501 1796 ad
559 1737 1014 1797 decernendum
1068 1736 1293 1797 bellum
1346 1737 1427 1796 ad
1472 1737 1855 1813 Naupactum
1904 1743 2120 1799 auctor
2168 1738 2386 1810 fuerat,

421 1824 582 1880 idem
626 1819 910 1896 proximo
954 1819 1215 1880 concilio
1258 1821 1340 1880 ad
1381 1837 1549 1880 arma
1594 1822 1945 1882 conciverat
1981 1828 2127 1896 post
2166 1821 2390 1881 famam

421 1904 728 1978 equestris
759 1904 839 1965 ad
875 1902 1224 1965 Ottolobum
1250 1920 1515 1981 pugnae,
1546 1905 2099 1981 Dardanorumque
2131 1910 2194 1964 et
2211 1904 2388 1964 Pleu-

421 1990 535 2049 rati
563 2004 702 2049 cum
729 1989 955 2067 Illyriis
983 1990 1304 2050 transitum
1332 1989 1394 2050 in
1420 1989 1862 2065 Macedoniam,
1906 1989 1986 2050 ad
2014 1989 2135 2051 hoc
2163 1990 2387 2050 classis

421 2075 734 2133 Romanae
761 2074 1091 2133 adventum
1121 2072 1363 2148 Oreum,
1400 2081 1463 2134 et
1489 2089 1680 2148 super
1708 2073 2112 2134 circumfusas
2140 2079 2232 2133 tot
2257 2072 2387 2133 Ma-

425 2156 720 2217 cedoniae
741 2162 957 2230 gentes
979 2157 1340 2220 maritimam
1364 2172 1615 2234 quoque
1636 2158 1963 2219 instantem
1978 2157 2384 2219 obsidionem.

421 2241 568 2299 XLI.
612 2241 731 2301 hae
761 2254 990 2302 causae
1010 2242 1424 2303 Damocritum
1443 2242 1829 2317 Aetolosque
1852 2242 2244 2302 restituerant
2261 2242 2384 2301 Ro·

421 2324 648 2394 manis3
694 2332 755 2385 et
776 2325 1176 2404 Amynandro
1205 2341 1354 2401 rege
1374 2325 1784 2387 Athamanum
1810 2325 2098 2387 adiuncto
2127 2324 2387 2401 profecti

423 2408 763 2468 Cercinium
807 2409 1129 2470 obsedere.
1197 2411 1546 2471 clauserant
1583 2416 1824 2485 portas,
1866 2410 2165 2471 incertum
2204 2410 2266 2469 vi
2304 2424 2384 2467 an

419 2493 760 2564 voluntate,
821 2492 968 2565 quia
1009 2494 1245 2567 regium
1300 2492 1607 2554 habebant
1653 2493 2051 2570 praesidium.
2117 2501 2386 2554 ceterum

423 2575 578 2632 intra
615 2588 853 2648 paucos
885 2574 1019 2635 dies
1051 2581 1297 2651 captum
1326 2583 1421 2637 est
1448 2574 1789 2639 Cercinium
1816 2584 2003 2654 atque
2032 2577 2381 2647 incensum;

425 2657 527 2729 qui
577 2657 1012 2732 superfuerunt
1041 2673 1077 2718 e
1103 2674 1329 2734 magna
1379 2660 1584 2733 clade,
1635 2660 1810 2722 liberi
1859 2662 2179 2738 servique,
2228 2661 2388 2722 inter

425 2747 686 2799 ceteram
726 2742 1019 2815 praedam
1059 2742 1324 2803 abducti.
1390 2744 1443 2803 is
1473 2744 1655 2805 timor
1682 2745 1879 2806 omnis
1912 2746 2015 2821 qui
2044 2745 2382 2807 circumco-

421 2827 549 2881 lunt
567 2822 820 2883 Boeben
847 2827 1134 2900 paludem
1151 2826 1381 2889 relictis
1404 2827 1659 2890 urbibus
1683 2830 1905 2891 montis
1928 2828 2131 2905 coegit
2152 2835 2379 2904 petere.

421 2906 621 2965 Aetoli
650 2905 863 2983 inopia
889 2910 1162 2984 praedae
1189 2911 1334 2971 inde
1362 2913 1565 2974 aversi
1594 2914 1655 2974 in
1675 2912 2105 2974 Perrhaebiam
2126 2913 2217 2973 ire
2240 2927 2381 2987 per·

421 2997 586 3063 gunt.
635 2990 910 3069 Cyretias
941 2993 1023 3054 ibi
1051 2994 1112 3055 vi
1144 2996 1394 3070 capiunt
1420 2997 1729 3073 foedeque
1757 2997 2079 3073 diripiunt;
2127 2997 2233 3073 qui
2253 2994 2379 3056 Ma-

421 3077 618 3135 loeam
670 3076 944 3137 incolunt
992 3081 1303 3139 voluntate
1358 3075 1421 3139 in
1478 3081 1848 3142 deditionem
1898 3082 2382 3156 societatemque

419 3159 672 3235 accepti.
718 3175 798 3221 ex
823 3160 1192 3223 Perrhaebia
1223 3163 1539 3239 Gomphos
1569 3166 1816 3240 petendi
1843 3165 2248 3243 Amynander
2274 3180 2379 3224 au-

421 3249 551 3301 ctor
575 3250 733 3304 erata
778 3251 841 3306 et
867 3245 1136 3309 imminet
1158 3246 1526 3309 Athamania
1552 3248 1694 3310 huic
1722 3248 1888 3322 urbi,
1931 3248 2380 3323 videbaturque

421 3329 756 3401 expugnari
799 3328 932 3392 sine
972 3346 1194 3406 magno
1239 3331 1571 3393 certamine
1609 3348 1821 3408 posse.
1886 3333 2089 3394 Aetoli
2119 3348 2377 3407 campos

417 3409 767 3472 Thessaliae
809 3414 1049 3489 opimos
1089 3417 1172 3476 ad
1210 3416 1505 3492 praedam
1534 3416 1763 3491 petiere
1793 3424 2123 3493 sequente,
2167 3430 2379 3492 quam-

421 3509 596 3565 quam
625 3512 746 3557 non
776 3500 1077 3573 probante
1101 3500 1503 3578 Amynandro
1536 3515 1648 3560 nec
1680 3500 1911 3561 effusas
1940 3500 2378 3576 populationes
