2548 3950
372 213 493 276 108
632 211 863 270 LIBER
891 210 1155 270 xxxm.
1201 209 1366 268 CAP.
1395 216 1487 272 29.
1515 217 1603 270 so.
1651 215 1723 280 μ.
1760 211 1824 264 υ.
1857 167 1904 264 0.
1935 214 2061 281 556]

370 381 572 444 neque
602 365 822 426 ducem
849 363 1176 426 habebant.
1259 359 1609 438 proximum
1649 362 1812 424 bello
1858 363 2028 438 quod
2069 371 2236 440 erat,
2277 364 2349 426 in

369 449 753 514 latrocinium
792 446 963 510 versi
1003 446 1161 508 alios
1204 445 1267 507 in
1307 443 1628 522 hospitiis,
1670 445 1830 507 alios
1872 461 2070 523 vagos
2103 464 2224 523 per
2249 448 2344 509 hi-

366 537 561 598 berna
586 533 842 606 militeS,
884 532 965 592 ad
991 530 1201 592 varios
1244 528 1644 592 conuneantis
1683 544 1871 605 usuS‚
1920 530 2344 608 excipiebant.

370 619 621 697 quidam
648 617 711 678 in
740 615 898 693 ipsis
926 614 1249 676 itineribus
1280 615 1363 674 ad
1382 619 1564 675 notas
1585 611 1854 676 latebras
1883 615 1962 675 ab
1989 613 2342 678 insidianti-

365 705 485 766 Bus
502 751 517 778 ,
559 716 705 778 pars
735 700 797 760 in
828 701 1075 760 deserta
1102 713 1217 776 per
1244 699 1523 759 fraudem
1552 697 1913 759 deversoria
1941 698 2193 761 deducti
2227 717 2332 776 op·

366 785 800 864 primebantur.
845 791 1158 860 postremo
1178 797 1302 845 non
1330 789 1559 843 tantum
1581 782 1658 842 ab
1685 781 1828 844 odio
1855 783 1971 843 scd
1996 781 2183 844 etiam
2207 783 2340 844 avi-

368 871 555 932 ditate
567 868 838 946 praedae
853 867 1128 930 facinora
1142 867 1388 940 fiebant,
1409 865 1553 943 quia
1565 865 1920 942 negotiandi
1937 867 2135 929 fenne·
2146 883 2342 929 causa

367 964 690 1032 argentum
717 951 779 1013 in
808 951 985 1014 zonis
1013 951 1312 1032 habentes
1342 949 1405 1011 in
1435 947 1876 1012 commeatibus
1919 958 2109 1012 erant.
2197 967 2340 1012 eum

366 1039 565 1116 primo
592 1035 807 1114 pauci,
851 1034 1074 1097 deinde
1102 1034 1166 1095 in
1197 1033 1333 1095 dies
1363 1035 1576 1110 plures
1606 1031 2106 1098 desiderarentur
2121 1081 2136 1110 ,
2177 1035 2339 1096 infa-

367 1122 485 1182 mis
502 1135 646 1182 esse
658 1118 919 1181 Boeotia
946 1118 1144 1180 omnis
1166 1116 1392 1193 coepit,
1417 1127 1478 1179 et
1498 1117 1776 1180 tit'nidius
1796 1129 1981 1194 quam
1999 1115 2064 1178 in
2089 1119 2356 1203 hostico·

368 1200 581 1282 egredi
610 1202 829 1265 castris
852 1199 1047 1263 mil‘es.
1078 1210 1207 1263 tum
1222 1201 1542 1276 Quinctius
1569 1204 1814 1278 legatos
1835 1203 1920 1266 ad
1949 1204 2339 1278 querendum

369 1290 445 1352 de
475 1284 813 1350 latrociniis
841 1300 957 1362 per
986 1285 1265 1348 civitates
1296 1285 1490 1347 mittit.
1575 1284 2138 1362 plurimae‘caedes
2170 1286 2340 1348 circa

369 1371 704 1448 Copaidem
731 1368 1021 1447 paludem
1049 1369 1364 1431 inventae:
1408 1368 1494 1430 ibi
1533 1383 1614 1430 ex
1653 1365 1799 1430 limo
1830 1377 2004 1432 eruta
2033 1379 2336 1433 extracta-

370 1470 492 1534 que
522 1470 603 1516 ex
630 1464 850 1530 stagno
881 1456 1186 1515 cadavera
1211 1453 1382 1516 saxis
1427 1461 1532 1516 aut
1559 1452 1906 1530 amphoris*‚
1946 1462 2014 1516 ut
2053 1456 2338 1530 pondere

366 1539 753 1602 traherentur
778 1537 841 1598 in
871 1539 1264 1614 profundum,
1294 1538 1558 1600 adnexa.
1599 1539 1790 1600 multa
1813 1537 2089 1600 facinora
2102 1540 2331 1600 Acrae-
2386 1587 2394 1594 .

367 1621 553 1699 phiae
583 1629 645 1683 et
674 1618 991 1684 Coroneae
1020 1624 1183 1684 facta
1221 1621 1708 1684 inveniebantur.
1781 1621 2101 1696 Quinctius
2133 1623 2334 1699 primo

368 1705 595 1766 noxios
623 1704 780 1766 tradi
810 1703 928 1766 sibi
956 1702 1157 1780 iussit,
1188 1713 1250 1767 et
1280 1715 1392 1781 pro
1427 1704 1778 1782 quingentis
1809 1705 2102 1768 militibus
2132 1739 2221 1752 --
2250 1716 2332 1770 tot

368 1789 533 1852 enim
570 1787 918 1864 interempti
947 1796 1122 1850 crant
1146 1823 1233 1836 —-
1262 1788 1598 1865 quingenta
1624 1791 1852 1852 talenta
1877 1789 2157 1854 Boeotos
2189 1807 2335 1853 con-

368 1875 548 1937 ferre.
594 1879 855 1948 quorum
877 1888 1017 1934 cum
1038 1872 1213 1935 fieret
1232 1881 1533 1950 neutrum,
1561 1874 1772 1936 verbis
1794 1877 2030 1937 tantum
2053 1875 2336 1938 civitates

368 1966 741 2021 excusarent
792 1953 942 2019 nihil
991 1955 1241 2034 publico
1296 1957 1556 2021 consilio
1611 1957 1840 2021 factum
1888 1969 2064 2035 esse,
2123 1958 2336 2023 missis

366 2042 644 2104 Athenas
688 2050 750 2103 e't
788 2040 851 2103 in
890 2040 1190 2103 Achaiam
1238 2042 1459 2117 legatis
1475 2089 1492 2118 ,
1544 2041 1650 2119 qui
1701 2050 2074 2106 testarentur
2119 2044 2334 2107 socios

366 2126 530 2189 iusto
559 2125 792 2203 pioque
820 2140 892 2187 se
910 2123 1074 2188 bello
1105 2134 1574 2201 persecuturum
1585 2128 1880 2203 BoeotoS,
1913 2137 2139 2191 etcum
2161 2137 2336 2205 parte

368 2210 688 2289 copiarum
724 2212 845 2288 Ap.
878 2207 1130 2273 Claudio
1170 2210 1584 2286 Acraephiam
1621 2210 1713 2272 ire
1753 2211 1926 2274 iusso
1945 2259 1961 2287 ‚
2009 2212 2152 2289 ipse
2196 2227 2335 2274 cum

366 2305 542 2373 parte
574 2295 913 2358 Coroneam
943 2290 1338 2357 circumsedit
1366 2294 1622 2356 vastatis
1649 2294 1822 2371 prius
1852 2294 2050 2373 agris,
2103 2313 2233 2373 qua
2256 2298 2333 2357 ab

366 2380 564 2441 Elatia
593 2378 717 2441 duo
743 2380 993 2440 diversa
1012 2379 1257 2455 agmina
1277 2378 1424 2441 iere.
1469 2378 1586 2440 hac
1607 2380 1882 2455 perculsi
1905 2379 2082 2441 clade
2093 2378 2333 2455 Boeoti,

370 2477 511 2525 cum
536 2463 741 2525 omnia
768 2467 1003 2523 terrore
1030 2478 1105 2523 ac
1135 2465 1280 2539 fuga
1309 2463 1616 2539 completa
1645 2473 1885 2537 essent,
1930 2466 2173 2541 legatos
2201 2464 2332 2526 mit-

370 2546 519 2608 tunt.
566 2545 673 2621 qui
702 2559 841 2606 cum
868 2545 931 2605 in
963 2554 1167 2609 castra
1194 2564 1320 2608 non
1350 2545 1839 2623 admitterentur,
1881 2547 2118 2609 Achaei
2144 2548 2332 2610 Athe-

368 2628 749 2705 niensesque
778 2636 1286 2705 supervenerunt.
1370 2632 1513 2707 plus
1557 2631 1933 2695 auctoritatis
1963 2632 2202 2695 Achaei
2227 2633 2332 2693 ha-

367 2712 635 2775 buerunt
647 2712 1073 2790 deprecantes,
1100 2714 1261 2793 quia,
1287 2712 1352 2776 ni
1373 2714 1809 2792 impetrassent
1828 2728 2048 2793 pacem
2059 2716 2333 2792 Boeotis,

368 2798 597 2859 bellum
628 2790 808 2858 simul
837 2814 1053 2875 gerere
1084 2800 1503 2861 decreverant.
1547 2814 1660 2875 per
1677 2800 1970 2862 Achaeos
2000 2804 2062 2862 et
2077 2800 2333 2863 Boeotis

372 2880 555 2957 copia
582 2880 851 2943 adeundi
878 2882 1381 2961 adloquendique
1409 2881 1754 2946 Romanum
1784 2885 1944 2946 sacta
1963 2892 2084 2964 rest,
2113 2882 2333 2947 iussis-

374 2979 496 3049 que
536 2962 780 3029 tradere
819 2964 1047 3029 noxios
1090 2976 1152 3029 et
1190 2970 1417 3030 multae
1459 2968 1706 3030 nomine
1753 2968 1999 3045 triginta
2050 2970 2332 3031 conferre

371 3053 599 3113 talenta
626 3060 752 3128 pax
780 3049 941 3125 data,
972 3058 1034 3117 et
1059 3054 1137 3113 ab
1168 3051 1635 3128 oppugnatione
1657 3066 1998 3114 recessum.

536 3135 719 3196 XXX.
760 3134 1001 3197 Paucos
1029 3143 1175 3211 post
1202 3135 1339 3198 dies
1368 3136 1587 3198 decern
1607 3136 1792 3214 legati
1820 3138 1902 3198 ab
1919 3136 2120 3198 Roma
2147 3148 2329 3197 vene-

369 3226 541 3293 runt,
584 3233 847 3294 quorum
875 3230 957 3279 ex
992 3216 1251 3281 consilio
1283 3230 1410 3296 pax
1440 3221 1583 3283 data
1611 3218 1893 3297 Philippo
1924 3218 1986 3280 in
2014 3220 2131 3282 has
2161 3222 2329 3297 leges

371 3309 486 3376 est,
518 3310 582 3362 ut
612 3316 826 3361 omnes
855 3300 1227 3364 Graecorum
1254 3302 1552 3381 civitatee,
1585 3318 1744 3381 quae
1771 3304 1835 3365 in
1861 3304 2116 3380 Europa
2144 3316 2326 3379 quae-

375 3397 497 3456 que
534 3381 597 3441 in
635 3380 791 3443 Asia
829 3392 1071 3458 essent,
1122 3384 1466 3448 libertatem
1507 3404 1582 3461 ac
1612 3404 1760 3449 suas
1788 3388 2086 3449 haberent
2124 3388 2329 3463 leges;

374 3477 536 3537 quae
578 3480 787 3524 earum
832 3466 947 3525 sub
990 3466 1235 3529 dicione
1273 3468 1537 3547 Philippi
1577 3470 1868 3546 fuissent,
1908 3470 2228 3548 praesidia
2255 3486 2332 3532 cx

2266 3590 2408 3694 N
