2548 3950
570 216 801 289 LIBER
828 228 1121 290 xxxvn.
1170 230 1334 291 CAP.
1363 239 1450 293 45.
1473 238 1560 295 46.
1606 233 1677 313 [a.
1702 236 1768 292 o.
1794 234 1916 310 190]
2103 232 2225 295 301
2303 294 2317 311 ,

264 380 528 453 animOS,
559 378 665 453 qui
693 384 943 441 nostrae
968 380 1189 440 mentis
1220 387 1382 455 sunt,
1418 375 1674 443 eosdem
1700 383 1764 443 in
1797 383 1959 443 omni
1988 384 2230 445 fortuna

264 463 576 539 gessimus
608 461 1020 541 gerimusque,
1052 478 1255 541 neque
1285 479 1396 527 eos
1424 466 1738 527 secundae
1758 481 1860 527 res
1885 468 2231 528 extulerunt

264 562 385 607 nec
415 546 713 607 adversae
741 545 1105 609 minuerunt.
1180 547 1314 609 eius
1341 547 1452 625 rei,
1479 556 1548 610 ut
1573 549 1738 611 alios.
1754 551 2038 624 omittam,
2067 550 2216 610 Han-

265 630 535 691 nibalem
561 635 835 691 vestrum
860 628 1039 691 vobis
1069 638 1287 692 testem
1319 632 1546 708 darem,
1581 632 1702 695 nisi
1729 648 1846 696 vos
1875 634 2052 709 ipsos
2083 634 2229 695 dare

266 728 547 799 possem.
620 720 949 795 postquam
977 714 1328 775 traiecimus
1356 715 1841 792 Hellespontum,
1869 718 2230 793 priusquam

268 803 477 859 castra
502 796 690 871 regia,
721 794 1084 873 priusquam
1112 798 1308 859 aciem
1333 799 1700 873 videremuS‚
1734 816 1871 861 cum
1894 799 2230 860 communis

266 882 437 941 Mars
466 888 527 940 et
559 880 829 941 incertus
854 879 1006 939 belli
1030 887 1290 942 eventus
1319 890 1503 957 essct,
1547 884 1624 943 de
1654 900 1810 959 pace
1839 884 2016 944 vobis
2047 898 2235 957 agen-

269 966 435 1027 tibus
464 978 621 1041 quas
651 978 837 1042 pares
864 962 1117 1039 paribus
1148 965 1496 1026 ferebamus
1527 966 1944 1041 condiciones,
1980 967 2232 1026 easdem

270 1064 437 1109 nunc
490 1047 757 1107 victores
813 1047 989 1107 victis
1046 1047 1313 1109 ferimus.
1382 1048 1634 1124 Europa
1687 1048 2019 1119 abstinete3
2081 1048 2232 1109 Asia

272 1131 442 1194 omni
485 1146 643 1206 quae
673 1131 763 1191 cis
790 1132 1053 1191 Taurum
1081 1138 1348 1193 montem
1378 1139 1473 1192 est
1500 1132 1796 1194 decedite.
1855 1149 1970 1209 pro
2001 1134 2232 1207 impen-

274 1216 368 1275 sis
410 1212 631 1275 deinde
671 1216 734 1274 in
760 1214 987 1275 bellum
1015 1215 1193 1275 factis
1224 1216 1574 1291 quindecim
1602 1216 1766 1277 milia
1793 1219 2081 1277 talentum
2110 1214 2231 1277 Euss

268 1296 592 1359 boicorum
621 1296 861 1373 dabitis,
894 1299 1223 1373 quingenta
1242 1300 1612 1375 praesentia,
1645 1301 1767 1362 duo
1791 1301 1955 1360 milia
1977 1308 2037 1361 et
2059 1299 2232 1375 quin-

270 1388 475 1459 genta,
507 1398 645 1443 cum
674 1389 928 1443 senatus
954 1383 1349 1458 populusque
1369 1383 1685 1444 Romanus
1709 1399 1928 1461 pacem
1952 1398 2232 1458 compro·

269 1464 583 1537 baverint3
648 1464 813 1526 milia
866 1466 1087 1526 deinde
1137 1466 1427 1527 talentum
1475 1482 1588 1542 per
1639 1466 1964 1531 duodecim
2017 1482 2233 1526 annos.

272 1551 532 1611 Eumeni
563 1565 814 1627 quoque
842 1549 1018 1610 reddi
1050 1550 1498 1625 quadringenta
1524 1552 1779 1626 talenta,
1823 1558 1884 1611 et
1913 1550 2082 1625 quod
2111 1550 2231 1609 fru-

272 1633 459 1694 menti
479 1635 785 1711 reliquum
808 1650 887 1693 ex
907 1648 1003 1707 e0‚
1032 1634 1201 1707 quod
1220 1634 1379 1709 patri
1405 1634 1671 1695 debitum
1696 1641 1806 1709 est,
1831 1637 2049 1710 placet.
2080 1632 2234 1693 haec
2325 1698 2330 1701 ,

288 1735 416 1781 sum
454 1718 896 1795 pepigerimus,
942 1716 1211 1778 facturos
1251 1733 1370 1777 vos
1409 1726 1476 1779 ut
1515 1735 1626 1793 pro
1673 1725 1838 1779 certo
1878 1718 2232 1791 habeamus,

276 1802 392 1863 erit
421 1803 663 1877 quidem
693 1800 943 1876 aliquod
969 1802 1213 1876 pignuS‚
1246 1802 1300 1862 si
1331 1801 1583 1863 obsides
1603 1803 1814 1879 viginti
1841 1808 2052 1864 nostro
2075 1802 2232 1862 arbi-

274 1892 437 1947 tratu
466 1884 719 1947 dabitis:
765 1886 878 1945 sed
908 1901 1239 1961 numquam
1262 1886 1414 1947 satis
1435 1886 1688 1959 liquebit
1711 1886 1890 1947 nobis
1913 1885 1994 1945 ibi
2018 1899 2233 1959 pacem

274 1985 421 2032 esse
449 1970 680 2047 populo
710 1970 1021 2044 Romano,
1047 1968 1153 2030 ubi
1178 1970 1482 2030 Hannibal
1511 1969 1640 2030 erit.
1696 1986 1836 2030 eum
1864 1975 2004 2030 ante
2033 1968 2234 2030 omnia

278 2053 691 2128 deposcimus.
736 2053 1071 2114 Thoantem
1100 2069 1352 2128 quoque
1379 2055 1681 2128 Aetolum,
1714 2053 2083 2115 concitorem
2111 2054 2232 2112 Ae·

274 2137 443 2198 tolici
471 2138 631 2214 belli,
664 2138 769 2213 qui
798 2143 859 2198 et
883 2137 1124 2198 illorum
1153 2137 1380 2198 fiducia
1410 2153 1522 2198 vos
1554 2145 1616 2198 et
1643 2145 1848 2198 vestra
1873 2137 2010 2197 illos
2034 2137 2093 2195 in
2118 2151 2232 2195 nos

276 2222 559 2295 armavit,
610 2221 881 2295 dedetiS,
930 2227 990 2280 et
1031 2237 1169 2281 cum
1211 2236 1288 2282 eo
1327 2220 1772 2282 Mnasilochum
1813 2223 2138 2281 Acarnana
2175 2226 2236 2279 et

276 2304 699 2366 Chalcidensis
721 2303 1037 2364 Philonem
1060 2313 1121 2365 et
1139 2304 1517 2364 Eubulidam.
1563 2305 1624 2367 in
1647 2305 1950 2366 deteriore
1971 2319 2091 2364 sua
2111 2305 2235 2364 for-

275 2398 426 2450 tuna
457 2403 671 2463 pacem
696 2387 881 2448 faciet
903 2403 1034 2464 reX,
1066 2389 1210 2465 quia
1238 2387 1441 2450 serius
1470 2387 1644 2464 facit,
1677 2405 1860 2465 quam
1888 2389 2093 2448 facere
2123 2403 2234 2462 po·

278 2472 409 2533 tuit.
452 2469 509 2532 si
536 2487 701 2533 nunc
726 2477 999 2532 moratus
1029 2471 1227 2544 fuerit,
1260 2471 1418 2534 sciat
1435 2488 1651 2548 regum
1671 2473 2052 2534 maiestatem
2077 2471 2235 2531 diffi-

278 2553 456 2620 cilius
480 2556 559 2616 ab
578 2571 816 2617 summo
840 2555 1083 2630 fastigio
1110 2552 1189 2615 ad
1208 2556 1476 2616 medium
1498 2557 1729 2618 detrahi
1757 2573 1940 2633 quam
1963 2571 2001 2614 a
2017 2553 2236 2616 mediis

276 2639 363 2700 ad
382 2638 503 2699 ima
523 2638 975 2715 praecipitari.“
1018 2655 1155 2700 cum
1176 2637 1252 2700 iis
1277 2639 1578 2700 mandatis
1601 2641 1677 2701 ab
1698 2657 1844 2716 rege
1867 2637 2042 2703 missi
2066 2645 2239 2699 erant

276 2722 493 2798 legati,
536 2729 615 2783 ut*
642 2737 885 2784 omnem
924 2723 1097 2798 pacis
1144 2723 1566 2784 condicionem
1594 2725 1959 2801 acciperent.
2029 2723 2239 2798 itaque

276 2807 539 2866 Romam
566 2805 720 2866 mitti
744 2806 979 2880 legatos
1008 2807 1254 2883 placuit.
1300 2809 1517 2869 consul
1546 2809 1607 2868 in
1627 2809 1882 2870 hiberna
1902 2808 2234 2869 exercitum

277 2889 661 2964 Magnesiam
692 2890 771 2950 ad
799 2889 1197 2950 Maeandrum
1228 2899 1290 2952 et
1306 2887 1520 2952 Trallis
1541 2893 1982 2969 Ephesumque
2010 2888 2238 2952 divisit.

278 2971 596 3049 Ephesum
638 2973 719 3032 ad
749 2973 1064 3034 consulem
1102 2990 1338 3049 paucos
1366 2984 1511 3050 post
1538 2976 1672 3035 dies
1703 2976 1955 3038 obsides
1984 2973 2062 3035 ab
2091 2986 2240 3047 rege

282 3054 534 3116 adducti
562 3063 720 3130 sunt,
750 3063 811 3118 et
837 3057 1019 3132 legati
1049 3057 1154 3133 qui
1178 3058 1435 3120 Romam
1464 3059 1620 3118 irent
1648 3064 1962 3119 venerunt.
2017 3055 2236 3116 Eume-

280 3155 399 3200 nes
450 3153 699 3216 quoque
748 3139 971 3202 eodem
1010 3147 1287 3216 tempore
1327 3141 1640 3216 profectus
1681 3148 1776 3202 est
1815 3142 2070 3202 Romam
2113 3155 2236 3214 quo

281 3223 466 3298 legati
505 3224 689 3300 regis.
747 3230 999 3286 secutae
1039 3239 1149 3286 eos
1192 3232 1336 3288 sunt
1373 3222 1710 3300 legationes
1757 3225 2020 3286 omnium
2051 3223 2238 3285 Asiae

282 3309 675 3384 populorum.

449 3391 658 3452 XLVI.
701 3393 860 3454 Dum
879 3391 1035 3453 haec
1056 3391 1117 3452 in
1136 3393 1292 3454 Asia
1309 3401 1614 3468 geruntur,
1643 3395 1765 3456 duo
1793 3393 1920 3454 fere
1940 3391 2054 3452 sub
2077 3390 2236 3451 idem

280 3483 529 3565 tempus
573 3490 711 3536 cum
755 3475 1037 3554 triumphi
1066 3491 1181 3553 spe
1210 3479 1613 3554 proconsules
1644 3477 1721 3537 de
1754 3473 2085 3554 provinciis
2116 3475 2236 3535 Ro·
