2548 3950
482 219 711 280 LIBER
737 219 1033 279 XXXVII.
1079 219 1245 280 cAP.
1265 227 1354 282 56.
1378 228 1466 284 67.
1511 227 1584 295 [a.
1611 227 1675 280 C.
1697 229 1824 296 189]
2015 223 2142 288 313

148 376 258 437 ad.
285 373 614 452 Phrygiam
642 377 995 446 vergentem
1010 414 1025 444 ,
1076 378 1136 430 et
1162 372 1418 432 castetla
1443 370 1748 447 vicosque
1773 379 1942 436 trans
1972 375 2138 435 Mae-

149 458 435 519 andrum
462 469 733 527 amnem‚
775 462 837 514 et
862 453 1128 529 oppida,
1168 453 1292 514 nisi
1334 467 1498 530 quae
1523 455 1716 515 libera
1743 463 1888 518 ante
1913 457 2136 520 beilum

150 541 441 603 fuissent
454 585 469 613 ‚
486 539 847 598 Telmesson
870 537 1012 598 item
1032 535 1389 602 nominatim
1411 544 1474 600 et
1496 545 1700 600 castra
1718 539 2137 616 Telmessium,

151 629 423 702 praeter
461 634 675 696 agrum
716 621 819 701 qui
856 617 1189 682 Ptolemaei
1214 621 1537 683 Tetmessii
1579 621 1801 686 fuisset
1832 645 1943 679 -ε
1985 625 2142 686 hace

156 709 411 781 omnia,
452 718 615 782 quae
644 717 834 782 supra
860 706 1093 780 scripta
1118 712 1293 779 sant,
1333 705 1466 780 regi
1491 703 1749 768 Eumeni
1780 704 1956 769 iussa
1983 709 2130 774 dari.

148 789 433 852 Rhodiis
472 789 668 872 Lycia
704 790 853 850 data
896 796 1071 850 extra
1110 789 1382 852 eundem
1413 790 1796 854 Telmessum
1837 799 1898 852 et
1937 798 2142 852 castra

150 875 583 936 Tekmessium
622 880 685 934 et
728 884 942 948 agrum
1000 873 1105 948 qui
1150 869 1482 934 Ptotemaei
1527 873 1850 938 Telmessii
1899 874 2137 936 luisset.

152 955 331 1020 haee
359 965 420 1019 et
446 959 527 1018 ab
554 957 829 1018 &mene
856 963 919 1017 et
942 956 1025 1016 ab
1052 954 1316 1017 Rhodiis
1339 964 1623 1032 excepta.
1672 971 1753 1017 ea
1779 972 2032 1035 quoque
2058 958 2144 1020 iis

159 1057 321 1118 pars
365 1043 506 1101 data
549 1041 793 1113 Catiae3
842 1053 1004 1116 quae
1043 1039 1302 1116 propior
1337 1040 1622 1104 Rhodum
1663 1039 1928 1102 insulam
1969 1052 2140 1104 trans

153 1122 572 1186 Maeandrum
600 1133 839 1184 amnem
866 1131 991 1194 est,
1036 1124 1300 1200 oppida,
1343 1121 1492 1198 vici,
1520 1123 1808 1199 castella,
1838 1126 2002 1202 agri,
2032 1127 2136 1201 qui

155 1209 255 1269 ad
283 1207 573 1268 Pisidiam
598 1215 887 1283 vergunt,
926 1167 1047 1267 ni’si
1077 1221 1238 1283 quae
1264 1216 1494 1268 eorum
1505 1208 1787 1285 oppida
1769 1223 1832 1268 nn
1860 1207 2144 1270 libertate

156 1293 439 1353 fuissent
464 1290 691 1367 pridie,
736 1306 920 1364 quam
950 1305 1089 1350 cum
1116 1291 1424 1352 Antiocho
1453 1307 1602 1402 rege
1623 1291 1689 1352 in
1717 1293 1872 1352 Asia
1903 1309 2137 1368 pugna-

161 1384 303 1436 tum
332 1381 446 1434 est.

340 1455 459 1520 Pro
488 1457 589 1518 his
616 1471 756 1518 cum
782 1457 1010 1531 gratias
1048 1455 1328 1530 egissem
1351 1457 1605 1532 Rhodii,
1649 1459 1728 1519 de
1759 1457 1924 1521 Solis
1963 1460 2136 1535 urbe,

162 1557 335 1620 quae
372 1541 437 1601 in
468 1539 677 1601 Cilicia
716 1547 840 1613 est,
894 1545 1169 1614 egerunt.
1231 1538 1423 1616 Argis
1458 1547 1522 1602 et
1558 1503 1730 1615 iilos,
1773 1544 1933 1606 sieut
1971 1557 2140 1618 sese,

162 1625 475 1687 oriundos
504 1637 683 1692 essm
735 1623 811 1682 ab
852 1637 929 1681 ea
964 1621 1363 1698 germanitate
1391 1625 1714 1685 namnam
1745 1627 1864 1686 sibi
1893 1642 2032 1688 eum
2056 1627 2154 1688 iis·
2195 1652 2202 1660 -

162 1707 487 1770 caritatem
528 1721 705 1776 esse;
764 1713 976 1781 petere
1017 1705 1138 1766 hoc
1178 1706 1725 1769 extraordinarium
1765 1725 2020 1786 munus,
2069 1719 2136 1772 ut

161 1805 311 1852 eam
337 1790 647 1853 civitatem
684 1806 767 1851 ex
807 1789 1101 1851 servitute
1134 1789 1311 1866 regia
1346 1792 1708 1854 annuerent.
1763 1794 1966 1856 vocati
1993 1804 2133 1855 sunt

161 1875 359 1949 legati
397 1873 564 1950 regis
600 1871 921 1948 Antiochi,
970 1881 1300 1950 actumque
1343 1891 1485 1934 eum
1523 1876 1598 1935 iis
1641 1885 1772 1948 esu
1817 1890 1932 1938 nec
1965 1877 2132 1953 quic·

166 1972 357 2035 quam
396 1957 780 2035 impetratum
826 1964 1091 2019 testante
1133 1958 1395 2020 foedera
1427 1959 1752 2034 Antipatro
1765 2006 1782 2032 ‚
1833 1961 2136 2021 adversus

168 2056 335 2120 quae
359 2043 439 2103 ab
460 2041 721 2103 Rhodiis
749 2058 875 2102 non
898 2040 1084 2103 Solos
1113 2041 1229 2101 sed
1256 2040 1526 2102 Ciliciam
1552 2042 1680 2119 peti
1707 2049 1769 2107 et
1787 2043 1934 2119 iuga
1952 2044 2136 2105 Tauri

166 2127 541 2189 transcendi.
582 2125 891 2189 revocans
914 2124 981 2184 in·
998 2131 1278 2187 senatmn
1287 2124 1569 2201 Rhodiis,
1592 2140 1728 2187 eum
1754 2134 2135 2205 quantopere

166 2213 449 2274 tenderet
466 2213 705 2287 ωςθωε
726 2210 937 2285 regius
960 2209 1416 2285 exposuissent,
1441 2210 1814 2285 adiecerunt,
1845 2211 1902 2272 si
1923 2212 2138 2287 utique

167 2312 307 2357 eam
334 2310 467 2356 rem
494 2296 575 2357 ad
604 2294 865 2355 civitatis
893 2309 1047 2355 suae
1074 2292 1430 2369 dignitatem
1469 2292 1780 2371 pertinere
1810 2303 2136 2356 censerent

162 2379 425 2454 Rhodii,
466 2384 747 2441 senatum
784 2376 952 2439 omni
990 2378 1177 2439 modo
1218 2383 1710 2454 expugnaturam
1735 2378 2136 2453 pertinaciam

165 2466 528 2539 legatorum.
568 2470 699 2524 tum
726 2477 877 2523 vero
904 2460 1249 2537 impensius
1279 2478 1460 2536 quam
1487 2468 1628 2522 ante
1653 2461 1881 2524 Rhodii
1903 2461 2136 2536 gratias

166 2554 452 2623 egerunt,
524 2560 946 2622 cessurosque
1000 2559 1072 2605 se
1120 2545 1334 2621 potius
1378 2546 1762 2621 arrogantiae
1810 2546 2134 2621 Antipatri,

169 2646 357 2707 quam
386 2641 637 2690 causam
663 2629 1005 2691 turbandae
1044 2629 1223 2706 pacis
1260 2629 1652 2705 praebituros
1691 2629 1994 2691 dixerunt.
2051 2631 2136 2691 ita

168 2714 319 2775 nihil
352 2714 431 2775 de
460 2713 627 2775 Solis
652 2721 948 2777 mutatum
976 2722 1089 2775 est.

337 2798 517 2859 LVII.
576 2796 694 2859 Per
732 2814 847 2862 eos
886 2796 1021 2859 dies
1064 2814 1288 2875 quinus
1331 2794 1486 2859 haec
1519 2804 1698 2873 gesta
1725 2804 1896 2871 sunt,
1947 2798 2132 2873 legati

166 2879 645 2943 Massiliensium
683 2882 1035 2944 nuntiarunt
1074 2884 1139 2942 L
1170 2884 1466 2945 Baebium
1507 2888 1854 2959 praetorem
1889 2882 1952 2941 in
1988 2896 2130 2957 pro·

169 2964 436 3025 vinciam
460 2966 821 3042 ffispaniam
860 2966 1356 3041 proficiscentem
1397 2966 1476 3027 ab
1503 2966 1830 3041 Liguribus
1874 2963 2131 3026 circum

170 3052 452 3122 ventum,
500 3064 725 3124 magna
762 3057 937 3123 parte
978 3050 1264 3111 comimm
1303 3064 1492 3111 caesa
1514 3050 1898 3109 vulneratum
1925 3045 2134 3121 ipsum

174 3149 313 3195 cum
340 3132 557 3206 paucis
585 3133 721 3193 sine
746 3130 1068 3193 lictoribus
1091 3131 1428 3193 Massiliam
1466 3130 1814 3206 perfugisse
1827 3174 1844 3202 ,
1887 3136 1952 3191 et
1975 3128 2134 3191 intra

174 3217 439 3281 triduum
464 3216 845 3293 exspirasse.
888 3221 1142 3277 senatus
1170 3231 1245 3276 ea
1270 3230 1342 3277 re
1371 3214 1577 3275 audita
1607 3212 1909 3287 decrevit,
1950 3213 2038 3275 uti
2061 3212 2126 3272 P.

170 3300 381 3362 Iunius
409 3302 667 3377 Brutus,
699 3299 805 3377 qui
832 3306 1198 3376 propraetor
1223 3300 1288 3360 in
1315 3298 1556 3361 Etruria
1581 3305 1781 3372 esset,
1813 3295 2132 3373 provincia

172 3384 569 3463 exercituque
606 3384 827 3447 tradito
872 3384 979 3444 uni
1020 3382 1121 3445 cui
1159 3382 1475 3445 videretur
1497 3398 1580 3445 ex
1606 3381 1822 3459 legatis
1836 3426 1853 3456 ,
1900 3380 2131 3457 ipsein

172 3469 519 3533 ulteriorem
544 3469 907 3547 Hispaniam
934 3467 1459 3545 proficisceretur,
1498 3482 1696 3547 eaque
1725 3464 1785 3527 ei
1813 3464 2138 3541 provircia
