2548 3950
502 216 734 277 LIBER
761 214 1083 278 XXXVIII.
1132 214 1298 274 CAP.
1327 222 1416 277 47.
1437 222 1526 277 48.
1573 218 1740 289 [ae.
1765 219 1890 286 187]
1991 169 2010 174 —
2044 211 2170 281 363

215 373 427 433 Asiam
448 371 720 431 incolunt
741 367 1099 430 existimetis
1124 368 1343 429 Gallis.
1371 374 1604 428 remota
1623 368 1949 427 universae
1971 364 2171 441 gentis

215 455 463 516 infamia
491 460 675 531 atque
704 453 956 513 invidia
948 467 1071 527 per
1100 468 1171 511 se
1198 452 1376 527 ipsos
1407 450 1740 512 aestimate.
1804 448 2034 524 utinam
2061 464 2174 509 rex

212 540 541 611 EumeneS‚
569 538 799 599 utinam
824 536 1015 597 Asiae
1044 534 1320 597 civitates
1349 549 1564 605 omnes
1595 534 1916 605 adessent,
1946 540 2007 595 et
2032 534 2170 593 illos

214 622 432 702 potius.
454 626 779 697 querentes
812 634 996 717 quam
1022 634 1121 678 me
1148 626 1541 681 accusantem
1568 616 1878 677 audiretis.
1942 616 2170 689 mittite,

216 704 496 782 agedum,
520 703 759 779 legatos
780 703 943 763 circa
964 716 1179 765 omnes
1200 702 1390 761 Asiae
1409 700 1614 775 urbes,
1643 704 1706 760 et
1727 699 2018 775 quaerite,
2039 706 2173 760 utra

216 786 500 863 graviore
540 787 861 858 servitute,
903 785 1208 847 Antiocho
1249 787 1410 848 ultra
1447 783 1628 845 Tauri
1667 784 1811 858 iuga
1849 789 2052 843 emoto
2093 799 2172 843 an

220 871 406 933 Gallis
436 870 711 932 subactis
725 916 742 945 ‚
782 868 1017 930 liberati
1044 870 1195 929 sint·
1181 910 1196 924 .
1240 868 1525 945 quotiens
1555 866 1686 941 agri
1713 882 1926 927 eorum
1953 865 2175 927 vastati

216 956 365 1027 sint,
410 953 695 1030 quotiens
737 953 1007 1029 praedae
1050 952 1306 1013 abactae
1319 996 1334 1024 ,
1376 952 1672 1024 referant,
1716 966 1854 1011 cum
1882 949 1989 1009 vix
2015 950 2174 1009 redi-

221 1038 427 1099 mendi
452 1037 735 1113 captivos
765 1036 946 1113 copia
973 1041 1169 1110 esset,
1200 1042 1262 1097 et
1287 1040 1582 1095 mactatas
1609 1033 1908 1095 humanas
1939 1031 2175 1094 hostias

176 1188 181 1193 ⁸
215 1122 683 1195 immolatosque
722 1120 951 1179 liberos
991 1135 1145 1180 vsuos
1189 1117 1488 1179 audirent.
1555 1116 1930 1193 stipendium
1959 1115 2178 1189 scitote

224 1203 602 1280 pependisse
642 1202 851 1263 socios
882 1208 1123 1264 vestros
1154 1202 1374 1272 Gallis3
1418 1210 1479 1262 et
1507 1216 1700 1273 nunc,
1743 1200 2035 1261 liberatos
2064 1214 2179 1275 per

222 1304 335 1348 vos
363 1287 535 1361 regio
565 1284 853 1361 imperio,
897 1284 1089 1346 fuisse
1119 1300 1458 1361 pensuroS,
1502 1285 1556 1344 si
1587 1302 1624 1345 a
1652 1300 1750 1344 me
1779 1284 1938 1345 foret
1965 1298 2176 1344 cessa·

217 1375 407 1435 tun1.“
448 1368 711 1431 XLVIII.
756 1384 921 1444 „quo
949 1369 1193 1443 longius
1214 1366 1556 1429 Antiochus
1581 1373 1818 1427 emotus
1842 1375 2026 1439 esset,
2056 1366 2178 1425 hoc

217 1454 613 1529 impotentius
655 1452 716 1514 in
746 1452 896 1513 Asia
925 1452 1079 1513 Galli
1118 1451 1608 1521 dominarentur3
1653 1456 1714 1509 et
1756 1450 2054 1527 quidquid
2083 1454 2179 1509 est

215 1543 515 1597 terrarum
542 1535 693 1596 citra
717 1535 895 1595 Tauri
924 1535 1095 1610 iuga,
1140 1536 1447 1595 Gallorum
1481 1534 1770 1609 imperio,
1817 1550 1941 1599 ιιοιι
1969 1535 2178 1593 vestro

216 1618 619 1682 adiecissetis.
677 1626 738 1681 at
765 1617 925 1679 enim
953 1626 1098 1681 sunt
1128 1618 1374 1694 quidem
1401 1618 1548 1679 ista·
1591 1632 1800 1679 verum
1830 1616 2032 1677 etiam
2039 1618 2176 1677 Del-

222 1702 382 1801 phos
413 1703 724 1778 quondam
745 1716 1067 1762 commune
1085 1702 1334 1763 humani
1355 1702 1598 1777 generis
1621 1701 1952 1772 oraculum,
1985 1699 2176 1759 umbi-

216 1784 406 1849 licum
436 1786 603 1847 orbis
634 1792 947 1859 terrarum,
980 1785 1133 1847 Galli
1160 1785 1616 1861 spoliaverunt;
1662 1800 1778 1845 nec
1807 1785 1947 1845 ideo
1977 1800 2177 1859 popu-

224 1870 321 1931 lus
348 1870 665 1932 Romanus
705 1868 803 1929 his
843 1869 1067 1929 bellum
1106 1868 1325 1930 indixit
1353 1875 1456 1928 aut
1482 1868 1697 1940 intulit.
1755 1868 2039 1943 equidem
2071 1866 2180 1927 ali·

226 1954 375 2028 quid
402 1954 702 2016 interesse
728 1952 908 2012 rebar
934 1952 1092 2012 inter
1119 1952 1183 2012 id
1212 1958 1476 2027 tempuS,
1510 1966 1632 2028 quo
1661 1950 1980 2012 nondum
1965 1966 2026 2010 ιιι
2047 1950 2178 2012 iure

220 2051 295 2098 ac
324 2035 567 2097 dicione
607 2041 815 2096 vestra
842 2034 1099 2096 Graecia
1132 2039 1317 2110 atque
1343 2033 1500 2096 Asia
1527 2040 1686 2109 erat,
1731 2035 1811 2094 ad
1841 2035 2178 2096 curandum

221 2118 963 2194 animadvertendumque,
995 2116 1145 2195 quid
1170 2119 1231 2178 in
1258 2119 1356 2179 his
1375 2117 1556 2179 terris
1578 2117 1768 2190 fieret,
1801 2125 1862 2178 et
1882 2119 2018 2188 hoc,
2053 2134 2175 2192 quo

218 2203 405 2264 finem
425 2200 663 2280 imperii
674 2203 932 2262 Romani
943 2202 1205 2262 Taurum
1226 2208 1494 2264 montem
1513 2203 1826 2274 statuistiS‚
1853 2217 1974 2278 quo
1997 2202 2176 2262 liber·

218 2293 404 2348 tatem
444 2287 879 2355 immunitatem
918 2285 1258 2348 civitatibus
1303 2286 1492 2360 datis,
1539 2301 1662 2361 quo
1697 2285 1834 2345 aliis
1863 2286 2018 2346 fines
2051 2283 2177 2346 adi-

222 2369 387 2443 citis,
433 2371 584 2432 alias
626 2385 776 2444 agro
823 2370 1116 2444 multatis,
1157 2370 1292 2430 aliis
1319 2369 1577 2444 vectigal
1607 2369 1946 2444 imponitis‘,
1989 2383 2177 2444 regna

222 2454 460 2528 augetis
506 2453 771 2514 minuitis
814 2453 1055 2514 donatis
1086 2453 1379 2526 adimitis,
1424 2468 1610 2515 curae
1637 2461 1884 2515 vestrae
1911 2453 2176 2514 censetis

221 2552 384 2612 esse,
411 2545 481 2598 ιιι
516 2552 731 2614 pacem
762 2543 920 2597 terra
948 2536 1224 2612 marique
1251 2537 1534 2597 habeant.
1591 2554 1687 2612 an,
1719 2536 1838 2597 nisi
1868 2535 2180 2612 praesidia

224 2621 585 2682 deduxisset
610 2621 982 2694 Antiochus,
1026 2635 1185 2696 quae
1226 2620 1433 2695 quieta
1461 2621 1522 2680 in
1551 2621 1683 2682 suis
1713 2621 1958 2682 arcibus
1987 2627 2176 2695 erant,

224 2719 347 2764 non
396 2705 693 2780 putaretis
744 2705 1059 2766 liberatam
1096 2703 1341 2766 Asiam:
1407 2705 1460 2765 si
1511 2705 1820 2767 Gallorum
1869 2705 2176 2766 exercitus

224 2787 405 2850 effusi
444 2795 843 2864 vagarentur,
881 2794 1015 2852 rata
1045 2789 1208 2850 dona
1236 2795 1474 2867 vestra,
1525 2805 1686 2866 quae
1716 2790 1972 2850 dedistis
1990 2834 2005 2861 ,
2047 2789 2178 2862 regi

218 2871 490 2946 Eumeni,
519 2879 651 2936 rata
678 2873 927 2935 libertas
958 2872 1302 2936 civitatibus
1330 2881 1538 2934 esset?
1576 2873 1692 2934 sed
1717 2873 1863 2948 quid
1887 2888 2002 2946 ego
2025 2871 2178 2930 haec

219 2952 305 3011 ita
332 2961 750 3029 argumentor,
788 2963 1097 3030 tamquam
1124 2971 1250 3016 non
1281 2956 1624 3032 acceperim
1651 2955 1764 3015 sed
1792 2955 2038 3014 fecerim
2066 2953 2174 3013 ho·

222 3043 351 3096 stes
384 3037 635 3097 Gallos?
672 3043 749 3112 te',
776 3039 845 3097 L.
874 3037 1103 3114 Scipio,
1132 3038 1398 3112 appello,
1431 3039 1604 3098 cuius
1627 3052 1744 3111 ego
1768 3036 1930 3109 mihi,
1961 3053 2174 3097 succe·

222 3120 377 3182 dens
408 3118 469 3179 in
497 3119 695 3179 vicem
720 3119 799 3180 im
807 3120 957 3195 perii
987 3119 1104 3194 tui,
1149 3120 1429 3180 virtutem
1458 3120 1926 3194 felicitatemque
1952 3121 2180 3195 paritor

222 3219 345 3264 non
376 3205 604 3264 frustra
628 3203 705 3264 ab
734 3203 851 3264 diis
880 3201 1317 3264 immortalibus
1345 3211 1632 3278 precatus
1662 3219 1817 3279 sum,
1848 3210 1926 3278 te,
1955 3205 2018 3264 P.
2046 3203 2176 3264 Sci-

222 3286 327 3361 pio
347 3331 363 3358 ,
410 3286 515 3362 qui
554 3287 735 3360 legati
766 3285 894 3362 ius,
939 3288 1213 3362 collegae
1239 3287 1617 3349 maiestatem
1645 3292 1708 3348 et
1733 3287 1902 3364 apud
1929 3289 2178 3348 fratrem

222 3372 539 3430 consulem
568 3376 628 3430 et
649 3371 814 3446 apud
838 3369 1169 3432 exercitum
1190 3371 1472 3446 habuisti,
1503 3372 1796 3432 sciatisne
1817 3373 1878 3432 in
1903 3369 2176 3433 exercitu

222 3453 507 3514 Antiochi
542 3453 847 3514 Gallorum
890 3451 1165 3529 legiones
1208 3455 1432 3530 fuisse,
1473 3454 1746 3516 videritis
1788 3453 1851 3516 in
1881 3455 2013 3516 acie
2041 3469 2174 3528 eos,
