2548 3950
353 186 481 252 138
589 185 821 246 LIBER
850 183 1120 244 XXXIV.
1167 181 1331 244 CAP.
1364 188 1561 242 14.·15.
1586 189 1671 244 16.
1714 186 1786 252 [a.
1808 183 1881 239 U.
1912 200 1959 237 c.
1994 183 2121 250 557]

342 339 516 399 ‚hosti
542 352 672 397 rem
700 341 867 396 metu
887 335 1310 395 Romanorum
1340 331 1611 408 equitum
1639 329 1987 390 inclinatam
2014 327 2323 404 aequavit.

351 431 554 481 tamen
584 420 742 481 adeo
771 419 993 481 turbati
1023 423 1198 480 erant
1225 417 1481 476 dextrae
1508 416 1645 475 alae
1670 413 1910 490 pedites
1933 411 2323 488 equitesque,

351 513 420 564 ut
459 503 762 580 quosdam
781 501 1000 563 consul
1021 517 1208 562 manu
1229 497 1370 576 ipse
1385 497 1774 574 reprenderit
1796 495 2103 575 [aversos]
2120 501 2323 556 verte·

342 590 553 664 ritque
579 587 642 648 in
669 585 930 649 hostem.
973 586 1058 646 ita
1086 591 1147 644 et
1175 582 1469 660 quamdiu
1489 580 1824 642 missilibus
1847 585 2189 658 pugnatum
2207 586 2325 657 est,

353 685 588 746 anceps
615 686 824 746 pugna
852 676 997 744 erat,
1029 675 1090 728 et
1115 667 1236 728 iam
1265 667 1343 726 ab
1374 666 1592 727 dextra
1618 671 1813 741 parte,
1841 664 2010 726 unde
2038 670 2235 723 terror
2264 669 2328 726 et

343 756 498 830 ,fuga
530 759 837 829 coeperat,
867 767 1053 827 aegre
1073 753 1391 812 Romanus
1418 750 1708 810 restabat.
1752 748 1831 808 ab
1853 747 2103 810 sinistro
2128 763 2328 811 cornu

351 846 414 898 et
457 853 494 896 a
535 839 734 896 fronte
775 836 1151 912 urgebantur
1187 834 1463 908 barbari,
1517 841 1581 894 et
1619 830 1907 894 cohortes
1950 847 1990 892 a
2015 837 2189 906 tergo
2230 830 2326 892 in·-

341 928 588 982 .stantes
629 920 839 996 pavidi
878 919 1310 996 respiciebant.
1374 923 1443 980 ut
1481 917 1724 979 emissis
1754 915 2090 978 soliferreis
2120 915 2326 976 falari·

354 1007 571 1081 cisque
615 1005 858 1080 gladios
910 1003 1315 1077 strinxerunt,
1372 1008 1499 1062 tum
1548 1002 1718 1062 velut
1765 999 2181 1074 redintegrata
2228 1006 2330 1062 est

342 1105 583 1164 pugna.
647 1105 769 1148 non
814 1088 1018 1148 caecis
1063 1087 1282 1148 ictibus
1322 1087 1537 1161 procul
1567 1099 1647 1146 ex
1673 1083 2012 1161 improviso
2042 1083 2328 1146 vulnera·

353 1173 602 1244 bantur,
646 1171 762 1231 sed
802 1171 966 1247 pede
1010 1171 1231 1232 collato
1273 1175 1403 1231 tota
1443 1169 1505 1228 in
1547 1170 1765 1230 virtute
1804 1184 1877 1230 ac
1904 1167 2139 1230 viribus
2170 1183 2328 1244 spes

343 1263 502 1315 erat.
561 1255 694 1316 XV.
737 1255 944 1315 fessos
986 1255 1107 1314 iarn
1149 1271 1302 1315 suos
1350 1255 1570 1315 consul
1599 1269 1680 1314 ex
1707 1254 1985 1315 secunda
2014 1253 2145 1312 acie
2174 1253 2328 1314 sub·

353 1338 617 1399 sidiariis
670 1337 1030 1400 cohortibus
1071 1339 1148 1416 in}
1175 1354 1448 1414 pugnam
1488 1339 1751 1400 inductis
1794 1337 2093 1398 accendit.
2159 1353 2331 1398 nova

341 1423 521 1482 ,acies
550 1424 744 1492 facta3
787 1423 1006 1499 integri
1034 1423 1387 1484 recentibus
1418 1423 1553 1483 telis
1586 1421 1869 1498 fatigatos
1901 1421 2099 1483 adorti
2124 1420 2326 1483 hostis

342 1507 614 1580 ‚primum
637 1507 763 1568 acri
785 1507 1018 1583 impetu
1037 1509 1208 1567 velut
1231 1522 1429 1570 cuneo
1452 1507 1860 1582 perculerunt,
1892 1505 2118 1566 deinde
2140 1505 2328 1566 dissi-

351 1597 532 1664 patos
563 1589 625 1648 in
654 1590 860 1665 fugam
890 1598 1270 1652 averterunt:
1316 1590 1516 1652 effuso
1549 1607 1661 1666 per
1689 1605 1873 1666 agros
1906 1605 2094 1650 cursu
2122 1596 2329 1650 castra

355 1673 811 1748 repetebantur.
855 1674 960 1735 ubi
993 1675 1195 1735 omnia
1217 1675 1365 1750 fuga
1388 1676 1693 1750 completa
1713 1675 1863 1734 vidit
1886 1671 2052 1748 Catu,
2081 1673 2223 1748 ipse
2246 1673 2329 1734 ad

341 1756 690 1816 secundam
729 1757 1066 1832 legionem,
1109 1773 1269 1833 quae
1311 1758 1375 1818 in
1405 1757 1683 1820 subsidio
1715 1759 1921 1834 posita
1948 1763 2108 1832 erat,
2150 1771 2319 1834 equo

239 1881 244 1884 -
343 1839 676 1912 revehitur,
708 1847 769 1902 et
796 1840 974 1914 signa
1002 1856 1153 1916 prae
1181 1857 1254 1902 se
1284 1843 1427 1903 ferri
1454 1843 1768 1917 plenoque
1795 1841 1992 1918 gradu
2015 1841 2095 1901 ad
2117 1848 2325 1902 eastra

242 1926 247 1931 “
341 1921 625 1985 ‚hostium
654 1924 1074 2001 oppugnanda
1105 1926 1444 1987 succedere
1473 1925 1659 1987 iubet.
1704 1925 1759 1986 si
1789 1925 1926 2002 quis
1958 1931 2131 1986 extra
2159 1925 2323 1987 ordi·

343 2023 493 2067 nem
535 2008 776 2069 avidius
817 2010 1151 2084 procurrit,
1195 2016 1258 2071 et
1296 2010 1435 2085 ipse
1473 2010 1916 2085 interequitans
1962 2026 2150 2085 sparo
2181 2026 2325 2086 per-

353 2092 501 2151 cutit
515 2136 530 2163 ,
582 2097 644 2152 et
690 2092 972 2154 tribunos
1024 2094 1544 2170 centurionesque
1592 2094 1899 2169 castigare
1949 2093 2133 2155 iubet.
2199 2094 2325 2154 iam

353 2182 556 2235 castra
603 2174 873 2239 hostium
923 2178 1465 2254 oppugnabantur,
1517 2178 1815 2254 saxisque
1854 2184 1915 2239 et
1963 2177 2223 2239 sudibus
2267 2183 2328 2238 et

346 2259 516 2319 omni
565 2274 793 2335 genere
842 2264 1101 2323 telorum
1151 2262 1693 2326 summovebantur
1739 2277 1779 2322 a
1817 2262 1978 2324 vallo
2027 2261 2323 2323 Romani=

343 2342 454 2403 -ubi
483 2359 704 2405 recens
729 2346 974 2407 admota
995 2346 1156 2421 legio
1181 2352 1295 2420 est,
1325 2352 1452 2408 tum
1475 2352 1537 2407 et
1560 2345 2057 2422 oppugnantibus
2080 2346 2323 2406 animus

347 2428 571 2501 crevit,
615 2434 677 2489 et
713 2429 1014 2490 infensius
1055 2430 1269 2490 hostes
1315 2446 1427 2506 pro
1457 2429 1620 2490 vallo
1660 2430 2035 2506 pugnabant.
2102 2430 2324 2493 consul

343 2510 553 2570 omnia
596 2512 793 2571 oculis
834 2514 1194 2587 perlustrat,
1236 2521 1307 2577 ut
1334 2530 1459 2590 qua
1485 2514 1731 2575 minima
1758 2514 1820 2573 vi
1846 2514 2199 2584 resistatur,
2247 2530 2325 2575 ea

347 2600 524 2668 parte
563 2593 878 2669 irrumpat.
945 2597 1026 2656 ad
1066 2597 1376 2658 sinistram
1417 2604 1658 2674 portam
1687 2598 2091 2675 infrequentis
2119 2598 2322 2659 videts

347 2692 424 2735 ea
453 2677 767 2738 secundae
809 2678 1070 2753 legionis
1110 2682 1425 2758 principes
1454 2681 1859 2757 hastatosque
1887 2682 2136 2744 inducit.
2192 2698 2321 2743 non

344 2760 636 2822 sustinuit
681 2760 976 2837 impetum
1025 2779 1240 2826 eorum
1290 2766 1502 2840 statio,
1552 2782 1714 2842 quae
1762 2773 1978 2842 portae
2031 2767 2323 2842 apposita

340 2849 508 2913 erat;
553 2850 614 2903 et
642 2846 829 2906 ceteri
855 2854 1190 2925 postquam
1216 2849 1377 2911 intra
1405 2850 1631 2911 vallum
1658 2848 1903 2911 hostem
1929 2850 2158 2924 vident,
2195 2850 2321 2925 ipsi

342 2928 564 2989 castris
595 2929 762 2991 exuti
789 2931 971 3006 signa
997 2948 1290 3010 armaque
1318 2933 1605 2995 abiciunt.
1648 2934 1991 2995 caeduntur
2015 2934 2079 2995 in
2101 2934 2318 3009 portis,

345 3019 590 3072 suomet
622 3013 743 3089 ipsi
785 3016 1026 3090 agmine
1067 3016 1129 3076 in
1171 3023 1302 3077 arto
1344 3016 1690 3078 haerentes.
1763 3017 2105 3081 secundani
2143 3024 2319 3093 terga

343 3094 612 3157 hostium
643 3099 922 3173 caedunt,
962 3100 1148 3159 ceteri
1178 3107 1382 3161 castra
1411 3101 1719 3178 diripiunt.
1780 3101 2069 3161 Valerius
2097 3102 2317 3162 Antias

343 3196 534 3253 supra
585 3182 987 3258 quadraginta
1033 3184 1198 3243 milia
1244 3183 1517 3247 hostiurn
1564 3200 1752 3247 caesa
1802 3200 1876 3245 eo
1930 3185 2031 3246 die
2084 3184 2315 3246 scribit.

345 3262 490 3322 Cato
522 3264 687 3339 ipse,
718 3264 886 3327 haud
913 3281 1066 3327 sane
1094 3267 1467 3330 detractator
1491 3269 1746 3331 laudum
1774 3284 2059 3345 suarum,
2088 3270 2313 3331 multos

340 3362 568 3408 caesos
601 3347 700 3422 ait,
729 3365 1052 3427 numerum>
1076 3367 1202 3413 non
1224 3351 1538 3413 adscribit.
1581 3352 1742 3415 XVI.
1774 3353 1937 3427 [Tria
1958 3368 2035 3413 eo
2061 3352 2163 3412 die
2184 3353 2316 3412 lau-

338 3427 571 3490 dabilia
599 3430 827 3493 fecisse
854 3440 1122 3509 putatur,
1153 3453 1343 3498 unum
1374 3439 1543 3515 quod
1572 3436 1989 3500 circumducto
2017 3435 2316 3511 exercitu.
