2548 3950
385 262 503 325 180
730 260 962 322 LIBER
989 261 1227 321 XXXV.
1274 260 1440 321 cAP.
1469 269 1521 322 5.
1546 268 1598 323 6.
1646 267 1719 334 [a.
1744 264 1813 319 U.
1840 284 1886 318 c.
1912 266 2038 333 559]

372 428 509 477 rum
549 429 844 490 corpores
900 413 1110 475 densis
1149 422 1355 473 tamen
1400 412 1717 475 ordinibus
1750 428 1913 473 nunc
1942 413 2042 473 aiii
2078 412 2136 473 in
2169 414 2330 475 alios

373 514 538 561 nunc
567 499 630 557 in
659 502 838 557 scuta
865 495 1285 557 incumbentes
1315 496 1697 557 sustinebant
1723 496 1987 572 impetus
2017 497 2329 559 Romano·

371 594 526 643 rum.
574 581 752 657 quod·
769 580 875 641 ubi
903 578 1326 640 animadvertit
1353 580 1599 654 consul,
1630 580 1710 640 ad
1739 579 2194 655 perturbandos
2228 597 2331 643 or-

373 666 549 726 dines
592 680 805 726 eorum
835 663 898 724 C.
926 663 1159 723 Livium
1192 661 1623 737 Salinatorem,
1670 663 1773 739 qui
1812 670 2093 739 praeerat
2120 665 2330 725 alariis

371 748 680 824 equitibus
698 794 713 822 ‚
748 762 932 822 quam
962 746 1473 809 concitatissimos
1504 761 1703 822 equos
1722 746 2045 809 immittere
2064 746 2252 819 iubet,
2271 756 2334 809 et

373 831 742 907 legionarios
773 831 1008 905 equites
1039 828 1100 889 in
1131 828 1425 891 subsidiis
1454 844 1617 891 esse.
1660 828 1818 890 haec
1845 807 2116 905 procefla
2138 845 2329 905 eque·

373 916 516 989 stris
557 914 754 990 primo
801 914 1075 974 confudit
1103 920 1162 973 et
1189 914 1478 986 turbavit,
1521 912 1744 975 deinde
1779 912 2103 989 dissipavit
2129 916 2331 975 aciem

375 999 712 1067 Gallorum;
756 1013 882 1059 non
922 1004 1122 1057 tamen
1164 1003 1228 1057 ut
1269 1003 1440 1073 terga
1469 997 1701 1057 darent.
1760 997 2085 1058 obstabant
2110 997 2327 1071 dueeS,

370 1082 698 1149 hastilibus,
735 1081 1065 1141 caedentes
1101 1087 1274 1155 terga
1300 1079 1729 1155 trepidantium
1758 1086 1817 1140 et
1841 1080 2043 1141 redire
2070 1080 2131 1139 in
2164 1082 2329 1141 ordi-

371 1179 482 1225 nes
523 1171 844 1239 cogentes=
889 1163 1004 1223 sed
1043 1164 1540 1238 interequitantes
1571 1163 1739 1223 alarii
1766 1180 1891 1224 non
1921 1162 2330 1238 patiebantur.

373 1248 589 1308 consul
611 1245 1026 1309 obtestabatur
1047 1246 1286 1321 militeS,
1317 1254 1383 1309 ut
1401 1247 1652 1323 paulum
1673 1245 2101 1322 adniterentur,
2131 1248 2328 1312 victo·

367 1332 521 1391 riam
570 1331 631 1391 in
672 1328 953 1390 manibus
1003 1344 1176 1399 esse;
1244 1330 1390 1390 dum
1431 1330 1819 1405 perturbatos
1863 1337 1923 1391 et
1960 1330 2329 1407 trepidantis

370 1414 675 1488 viderent,
726 1414 1049 1473 instarent=
1114 1412 1168 1473 si
1207 1413 1443 1474 restitui
1492 1414 1739 1475 ordines
1782 1413 2039 1489 sissent,
2087 1413 2330 1489 integro

291 1552 294 1555 ,
371 1514 584 1559 rursus
627 1513 738 1558 eos
766 1496 1002 1571 proelio
1034 1503 1096 1557 et
1124 1496 1311 1558 dubio
1345 1496 1757 1558 dimicaturos.
1818 1497 2043 1557 inferre
2069 1499 2327 1559 vexilla·

366 1582 496 1643 rios
527 1580 705 1641 iussit
732 1581 926 1655 signa.
973 1595 1186 1642 omnes
1212 1579 1409 1642 conisi
1428 1581 1674 1641 tandem
1696 1587 2046 1644 averterunt
2062 1580 2328 1643 hostem.

370 1672 698 1739 postquam
725 1669 897 1737 terga
926 1662 1152 1724 dabant
1180 1670 1241 1724 ct
1269 1665 1331 1724 in
1354 1665 1560 1740 fugam
1581 1664 1815 1740 passim
1836 1664 2326 1742 effundebantur,

370 1756 495 1808 tum
518 1748 597 1807 ad
620 1747 1088 1823 persequendos
1113 1762 1222 1807 eos
1245 1747 1557 1823 legionarii
1581 1748 1818 1822 equites
1843 1747 2115 1810 immissi.
2149 1758 2327 1826 quat-

284 1891 286 1895 ,
370 1830 704 1892 tuordecim
743 1830 907 1890 milia
943 1830 1239 1891 Boiorum
1279 1846 1356 1892 eo
1398 1831 1497 1891 die
1542 1846 1726 1892 caesa
1767 1838 1940 1903 sunt;
1994 1831 2117 1892 vivi
2160 1834 2324 1909 capti

367 1915 529 1975 mille
558 1914 888 1990 nonaginta
917 1914 1058 1990 duo,
1091 1915 1329 1991 equites
1360 1913 1728 1991 septingenti
1746 1914 1957 1991 viginti
1987 1932 2163 1992 unuS,
2196 1923 2325 1980 tres

369 1999 562 2059 duces
591 2014 821 2074 eorum,
853 1999 1029 2074 signa
1058 1997 1337 2060 militaria
1364 1999 1628 2061 ducenta
1654 2000 1997 2073 duodecim,
2030 2009 2329 2075 carpenta

369 2082 686 2157 sexaginta
713 2081 846 2142 tria.
888 2098 1003 2143 nec
1023 2083 1316 2145 Romanis
1344 2083 1659 2144 incruenta
1682 2084 1935 2144 victoria
1956 2084 2098 2145 fuit:
2131 2100 2327 2162 supra

369 2166 640 2242 quinque
658 2165 825 2226 milia
844 2166 1112 2240 miiitum,
1136 2168 1414 2242 ipsorum
1434 2173 1539 2227 aut
1558 2167 1883 2242 sociorum,
1908 2173 2054 2228 sunt
2073 2167 2325 2244 amissa,

369 2249 758 2312 centuriones
787 2256 912 2311 tres
945 2256 1004 2309 et
1031 2251 1270 2324 viginti,
1317 2251 1609 2326 praefecti
1637 2251 1874 2312 socium
1904 2259 2219 2328 quattuor,
2265 2260 2331 2313 et

365 2334 444 2394 Μ.
479 2333 783 2394 Genucius
827 2339 889 2392 et
916 2334 1075 2412 Q.'et
1101 2333 1180 2392 M.
1217 2333 1428 2393 Marcii
1468 2335 1690 2395 tribuni
1728 2335 2327 2398 militum-secundae

367 2417 645 2492 legionis.

531 2500 636 2558 VI.
689 2499 926 2559 Eodem
965 2499 1093 2558 fere
1133 2506 1409 2575 tempore
1450 2501 1709 2562 duorum
1740 2503 2059 2562 consulum
2088 2501 2327 2564 litterae

366 2580 604 2642 adlatae
633 2588 791 2654 sunt,
821 2582 886 2641 L.
914 2580 1174 2643 Cornelii
1197 2583 1278 2645 de
1307 2585 1543 2660 proelio
1573 2586 1654 2645 ad
1674 2585 1965 2646 Mutinam
1990 2601 2129 2646 cum
2148 2585 2325 2655 Boiis

365 2662 547 2739 racto,
579 2672 640 2725 et
673 2665 740 2739 Q.
770 2664 1019 2728 Minucii
1049 2682 1087 2727 a
1113 2666 1303 2728 Pisisa
1348 2669 1590 2730 comitia
1618 2684 1769 2730 suae
1796 2669 1983 2730 sortis
2011 2684 2187 2738 esse;
2222 2685 2323 2729 ee-

363 2751 557 2806 terum
604 2749 760 2809 adeo
803 2765 1112 2825 suspensa
1153 2751 1357 2811 omnia
1397 2753 1457 2810 in
1484 2751 1811 2827 Liguribus
1853 2768 1923 2813 se
1950 2752 2209 2826 habere,
2258 2763 2329 2814 ut

364 2827 616 2890 abscedi
655 2832 798 2892 inde
841 2834 974 2894 sine
1014 2834 1288 2910 pernicie
1317 2835 1628 2897 sociorum
1658 2841 1719 2896 et
1752 2836 1987 2897 damno.
2004 2836 2095 2896 rei
2124 2836 2325 2910 publi-

365 2927 476 2974 cae
513 2930 638 2975 non
679 2925 913 2990 posset.
983 2918 1036 2979 si
1077 2919 1159 2979 ita
1198 2918 1510 2980 videretur
1548 2919 1853 2995 patribus,
1895 2921 2197 2982 mitterent
2240 2921 2325 2980 ad

362 2997 676 3074 collegam,
707 3007 773 3061 ut
794 3001 866 3076 is,
896 2999 1001 3076 qui
1023 3001 1411 3076 profligatum
1432 3003 1653 3064 bellum
1674 3002 1944 3078 haberet,
1972 3004 2053 3064 ad
2072 3002 2325 3065 comitia

358 3079 616 3142 Romam
655 3085 899 3148 rediret.
965 3086 1018 3144 si
1048 3085 1110 3144 id
1141 3086 1346 3146 facere
1385 3086 1765 3162 gravaretur,
1811 3087 1984 3162 quod
2012 3103 2135 3147 non
2164 3103 2323 3148 suae

362 3165 544 3224 sortis
587 3166 650 3228 id
690 3169 998 3242 negotium
1028 3176 1224 3242 esset,
1267 3185 1338 3230 se
1369 3170 1615 3247 quidem
1646 3170 1944 3231 facturum
1975 3171 2318 3245 quodcum-

361 3261 483 3321 que
525 3258 775 3311 senatus
820 3250 1192 3327 censuisset,
1236 3254 1350 3314 sed
1390 3254 1569 3314 etiam
1597 3259 1781 3329 atque
1807 3252 1989 3314 etiam
2015 3253 2319 3326 viderent,

357 3344 438 3388 ne
479 3333 673 3406 magis
715 3348 752 3392 e
779 3349 847 3392 re
879 3335 1124 3409 publica
1162 3343 1333 3397 esset
1369 3337 1776 3412 interregnum
1808 3337 1977 3409 iniri,
2022 3352 2209 3412 quam
2239 3339 2323 3397 ab

359 3426 429 3470 se
455 3410 516 3472 in
547 3429 622 3476 eo
653 3421 815 3476 statu
851 3417 1114 3494 relinqui
1147 3419 1542 3492 provinciam.
1612 3427 1864 3482 senatus
1894 3421 1957 3481 C.
1989 3418 2322 3482 Scribonio

359 3495 664 3568 negotium
697 3497 892 3571 dedit,
928 3506 995 3559 ut
1034 3500 1191 3561 duos
1222 3503 1457 3576 legatos
1486 3517 1563 3562 ex
1594 3503 1811 3564 ordine
1840 3503 2150 3564 senatorio
2180 3505 2317 3564 mit-

2516 3137 2519 3216 z

2514 3271 2517 3396 l

2512 3447 2515 3574 l

2510 3637 2513 3754 l

2508 3831 2511 3926 l
