2548 3950
611 225 842 288 Lmen
870 226 1104 288 xxxn.
1152 194 1319 286 cAP.
1349 213 1479 288 4.'5.
1522 234 1595 302 [a.
1621 234 1831 302 0199]
2106 229 2190 294 49

226 383 437 449 tudine
484 381 683 441 solum
724 383 852 440 tuta
877 379 1056 453 urbS,
1101 379 1216 439 sed
1252 379 1423 455 quod
1452 395 1607 440 saxo
1640 381 1911 457 undique
1939 381 2187 444 absciso

227 465 492 543 rupibus
518 463 808 539 imposita
835 468 947 523 est.
992 462 1109 522 hae
1139 463 1545 539 difficultates,
1576 471 1639 523 et
1662 466 1830 540 quod
1848 466 2011 528 haud
2038 467 2188 528 satis

227 553 480 626 dignum
503 548 650 607 tanti
673 546 901 607 laboris
925 546 1305 623 periculique
1327 547 1587 624 pretium
1608 556 1756 626 erat,
1780 557 1846 612 ut
1868 551 2195 613 absisteret

227 638 474 712 incepto
503 630 821 706 Philippus
853 629 1205 692 effecerunt.
1250 630 1447 694 hiems
1480 649 1730 709 quoque
1757 633 1877 695 iam
1906 635 2191 710 instabat,

229 735 370 780 cum
411 717 556 778 inde
596 715 902 778 abscessit
940 722 1004 775 et
1041 715 1103 774 in
1131 715 1555 777 Macedoniam
1594 718 1655 776 in
1684 717 1940 780 hiberna
1975 720 2188 798 copias

229 803 492 864 reduxit.
1912 837 1919 846 ·

396 889 474 946 V.
518 884 608 945 Ibi
651 884 836 945 ceteri
883 883 1128 958 quidem
1157 883 1299 944 data
1328 884 1781 961 quanticunque
1813 888 2014 961 quiete
2042 897 2187 948 tem-

231 971 402 1048 poris
451 969 630 1031 simul
682 969 920 1029 animos
971 983 1357 1044 corporaque
1394 968 1784 1030 remiserant:
1844 969 2191 1048 Philippum

232 1049 527 1131 quantum
577 1054 654 1114 ab
703 1052 981 1113 adsiduis
1031 1051 1345 1113 laboribus
1394 1052 1674 1114 itinerum
1723 1068 2190 1132 pugnarumque

229 1143 546 1202 laxaverat
591 1136 888 1210 animum,
938 1142 1105 1197 tanto
1153 1137 1351 1211 magis
1401 1137 1693 1198 intentum
1731 1137 1793 1197 in
1836 1138 2183 1204 universum

231 1231 518 1284 eventum
559 1221 701 1282 belli
747 1235 933 1281 curae
961 1227 1218 1295 angunt,
1263 1236 1386 1280 non
1414 1220 1613 1282 hostis
1642 1223 1829 1284 modo
1860 1223 2186 1298 timentem,

231 1307 336 1384 qui
357 1315 520 1368 terra
539 1306 818 1381 marique
835 1305 1151 1380 urgebant,
1167 1303 1283 1365 sed
1302 1321 1466 1368 nunc
1488 1305 1798 1366 sociorum
1824 1323 1987 1368 nunc
2008 1308 2189 1368 etiam

230 1391 622 1468 popularium
659 1388 926 1464 animos,
971 1403 1050 1448 ne
1089 1395 1150 1450 et
1188 1388 1273 1449 illi
1316 1389 1397 1449 ad
1438 1403 1613 1466 spem
1642 1389 1940 1450 amicitiae
1965 1391 2189 1451 Roma·

229 1491 450 1538 norum
502 1473 864 1548 deficerent,
915 1478 976 1532 et
1018 1470 1395 1534 Macedonas
1434 1472 1610 1548 ipsos
1653 1472 1881 1550 cupido
1924 1471 2179 1536 novandi

228 1575 332 1621 res
365 1565 632 1634 caperet.
678 1557 884 1632 itaque
914 1564 974 1616 et
1001 1557 1061 1615 in
1085 1556 1381 1618 Achaiam
1408 1559 1645 1632 legatos
1671 1557 1851 1634 misit,
1883 1558 2061 1620 simul
2086 1556 2185 1634 qui

233 1642 654 1705 iusiurandum
677 1673 768 1688 --
792 1640 874 1700 ita
903 1640 1062 1700 enim
1097 1640 1475 1716 pepigerant,
1522 1643 1849 1716 quotannis
1882 1644 2190 1704 iuraturos

230 1729 289 1788 in
314 1726 508 1788 verba
527 1723 785 1800 Philippi
799 1725 1224 1800 ——exigerenu
1251 1725 1430 1785 simul
1456 1726 1559 1800 qui
1580 1725 1914 1788 redderent
1924 1727 2189 1788 Achaeis

235 1811 660 1872 Orchomenon
691 1815 753 1868 et
777 1808 1057 1870 Heraean
1086 1815 1148 1868 et
1173 1808 1559 1888 Triphylian,
1590 1809 2036 1886 Megalopolitis
2066 1812 2187 1870 Ali-

232 1896 496 1973 pheran,
540 1892 1045 1954 contendentibus
1086 1909 1415 1969 numquam
1456 1909 1590 1954 eam
1633 1895 1845 1955 urbem
1890 1896 2084 1956 fuisse
2114 1910 2189 1956 ex

229 1979 576 2059 Triphylia,
619 1979 733 2039 sed
773 1978 890 2038 sibi
921 1978 1149 2037 debere
1173 1978 1442 2054 restitui,
1489 1978 1633 2054 quia
1660 1992 1785 2039 una
1811 1986 1982 2042 esset
2008 1998 2088 2041 ex
2116 1980 2193 2041 iis

241 2081 402 2141 quae
431 2063 512 2123 ad
542 2062 925 2123 condendam
953 2062 1231 2137 Megalen
1274 2064 1444 2137 polin
1486 2078 1563 2122 ex
1594 2064 1852 2126 concilio
1880 2065 2191 2125 Arcadum

234 2148 616 2210 contributae
650 2148 865 2207 forent.
937 2153 998 2206 et
1025 2162 1164 2206 cum
1191 2146 1460 2208 Achaeis
1492 2148 1739 2222 quidem
1766 2164 1881 2224 per
1904 2148 2060 2209 haec
2090 2166 2189 2209 so·

236 2234 516 2294 cietatem
555 2231 861 2292 firmabatz
922 2228 1328 2291 Macedonum
1371 2230 1606 2292 animos
1650 2247 1789 2292 cum
1828 2232 2192 2292 Heracliden

233 2319 494 2378 amicum
514 2315 580 2355 *⁴¹
600 2315 865 2375 maxime
891 2314 1156 2375 invidiae
1185 2314 1301 2375 sibi
1333 2330 1477 2375 csse
1504 2322 1805 2389 cerneret,
1843 2314 2047 2375 multis
2078 2316 2191 2375 cri-

230 2402 497 2463 minibus
541 2406 856 2461 oneratum
892 2398 957 2459 in
986 2398 1188 2459 vincla
1217 2398 1506 2473 coniecit,
1548 2399 1776 2475 ingenti
1804 2399 2193 2477 popularium

229 2486 478 2562 gaudio.
522 2484 766 2559 bellum,
797 2484 851 2545 si
881 2484 1129 2560 quando
1151 2499 1443 2559 umquam
1465 2489 1606 2560 ante
1628 2484 1798 2559 alias,
1830 2490 1954 2545 tum
1974 2498 2194 2559 magna

232 2587 382 2631 cura
429 2568 777 2645 apparavit,
827 2568 1225 2643 exercuitque
1273 2568 1336 2628 in
1388 2568 1572 2629 armis
1614 2573 1677 2629 et
1716 2568 2091 2630 Macedonas
2138 2577 2195 2629 et

227 2653 686 2715 mercennarios
710 2652 962 2724 milites3
1005 2650 1436 2729 principioque
1454 2654 1619 2713 veris
1644 2668 1783 2714 cum
1802 2652 2195 2729 Athenagora

229 2738 437 2800 omnia
473 2745 728 2798 externa
754 2736 1006 2810 auxilia,
1051 2736 1348 2813 quodque
1375 2736 1529 2797 levis
1559 2744 1900 2799 armaturae
1930 2744 2088 2812 erat,
2132 2738 2189 2799 ir

230 2823 564 2885 Chaoniam
612 2837 726 2897 per
765 2821 1018 2897 Epirum
1059 2820 1138 2882 ad
1177 2821 1579 2897 occupandas
1620 2836 1780 2897 quae
1820 2822 1902 2883 ad
1940 2822 2181 2897 Antigo·
2264 2888 2273 2893 ,

227 2923 414 2968 neam
445 2908 662 2967 fauces
694 2912 838 2967 sunt
859 2936 950 2950 —-
978 2903 1166 2967 Stena
1191 2912 1420 2967 vocant
1450 2905 1667 2967 Graeci
1692 2937 1783 2952 —-
1808 2906 1990 2967 misit.
2055 2906 2187 2979 ipsu

230 2998 376 3067 post
416 2990 632 3065 paucis
677 2990 893 3051 diebus
936 2990 1218 3065 graviore
1249 2996 1499 3052 secutus
1530 2990 1801 3065 agmine,
1847 3006 1983 3050 cum
2012 2988 2193 3049 situm

227 3090 476 3137 omnem
497 3074 764 3148 regionis
787 3074 1196 3151 adspexisset,
1227 3073 1491 3136 maxime
1508 3074 1797 3135 idoneum
1818 3073 1895 3133 ad
1919 3071 2193 3131 munien-

227 3160 378 3221 dum
415 3160 622 3219 locum
665 3157 922 3219 credidit
957 3173 1105 3219 esse
1133 3167 1382 3234 praeter
1408 3174 1647 3218 amnem
1673 3158 1894 3218 Aoum.
1956 3155 2011 3215 is
2039 3155 2199 3214 inter

229 3248 505 3316 monteS,
550 3256 811 3319 quorum
843 3244 1095 3303 alterum
1132 3241 1456 3317 Meropum
1494 3243 1753 3301 alterum
1788 3241 2064 3301 Asnaum
2104 3238 2191 3298 in-

227 3328 406 3389 colae
427 3332 669 3399 vocant,
701 3333 960 3402 angusta
983 3326 1140 3386 valle
1161 3324 1311 3401 fluit,
1340 3326 1454 3385 iter
1478 3324 1766 3399 exiguum
1788 3340 1980 3401 super
2000 3323 2191 3399 ripam

225 3410 558 3489 praebens.
588 3412 867 3473 Asnaum
881 3410 1336 3485 Athenagoram
1360 3424 1497 3470 cum
1524 3407 1639 3469 levi
1662 3417 1963 3469 armatura
1986 3415 2194 3469 tenere

47 3537 55 3552 .
222 3503 288 3556 et
329 3494 708 3555 communire
750 3494 944 3555 iubetz
994 3494 1221 3570 ipsein
1251 3492 1510 3570 Meropo
1541 3494 1749 3569 posuit
1790 3501 2007 3555 castra.
2072 3505 2195 3567 qua

45 3559 112 3669 Ἴ.
313 3596 369 3637 τ.
400 3593 526 3636 ιινι
556 3594 708 3640 rans
738 3578 840 3636 IV.
1748 3585 1782 3637 4
