2548 3950
504 169 734 231 mez
761 169 1059 230 xxxvii.
1107 154 1493 229 caueam.
1539 180 1610 245 [a.
1639 173 1703 226 c.
1737 171 1855 246 190]
2027 168 2147 232 281

164 329 483 399 quattuor
522 319 799 380 triremes
841 320 1046 388 suere3
1090 319 1263 393 regia
1293 318 1514 378 classis
1557 327 1792 395 septem
1823 328 1883 381 et
1908 321 2153 396 triginta

162 404 441 466 maioris
467 403 701 464 formae
718 403 962 462 navium
984 408 1129 475 erat,
1160 402 1221 462 in
1246 401 1470 476 quibus
1497 409 1617 462 tres
1639 403 1943 478 heptereS,
1977 411 2150 479 quat-

166 497 323 550 tuor
352 488 619 546 hexeres
648 484 929 545 habebat.
997 493 1241 559 praeter
1265 485 1380 544 has
1411 487 1624 546 decem
1652 486 1928 548 triremes
1957 495 2150 548 erant.

166 580 239 632 et
266 570 338 630 hi
370 569 601 630 adesse
638 566 835 629 hostis
864 583 943 628 ex
972 569 1229 642 specula
1259 569 1527 644 quadam
1556 583 1920 644 cognovere.
1989 577 2149 631 utra·

170 671 311 730 que
358 652 581 712 classis
612 657 865 726 postero
900 651 1001 711 die
1029 653 1168 712 luce
1199 652 1421 726 prima,
1466 659 1771 728 tamquam
1802 669 1877 713 eo
1910 654 2009 714 die
2038 670 2151 729 pu·

168 744 481 814 gnatura,
523 751 558 795 e
590 742 770 810 portu
807 735 1025 804 movit,
1070 743 1133 795 et
1170 741 1498 812 postquam
1529 751 1902 810 superavere
1926 736 2153 798 Rhodii

170 819 693 915 promunturium,
724 818 891 893 quod
920 818 997 878 ab
1020 815 1169 904 ‚Sida
1201 819 1502 914 prominet
1530 817 1591 878 in
1611 820 1813 893 altum,
1843 822 2152 897 extemplo

173 913 245 966 et
272 902 599 979 conspecti
627 899 703 961 ab
734 886 1035 962 hostibus'
1046 909 1189 962 sunt
1216 908 1280 962 et
1305 901 1426 976 ipsi
1455 917 1566 962 eos
1596 902 1896 962 viderunt.
1951 904 2029 964 ab
2055 919 2150 964 re·

175 988 308 1064 giis
338 986 589 1048 sinistro
620 1001 829 1060 cornu,
868 985 1036 1060 quod
1064 985 1141 1045 ab
1171 987 1294 1046 alto
1324 984 1627 1046 obiectum
1657 993 1805 1059 erat,
1831 985 2152 1061 Hannibal,

178 1073 413 1132 dextro
452 1070 822 1145 Apollonius
867 1076 1338 1144 purpuratormn
1377 1085 1538 1130 unus
1580 1076 1892 1145 praeerat,
1933 1075 1996 1130 et
2031 1071 2166 1133 iam„

178 1157 247 1216 in
280 1155 543 1238 frontem
574 1154 841 1214 directas
868 1152 1175 1213 habebant
1202 1167 1416 1214 naves.
1455 1151 1678 1213 Rhodii
1702 1153 1886 1228 longo
1911 1153 2154 1228 agmine

180 1236 540 1300 veniebant.
609 1235 805 1311 prima
848 1237 1155 1312 praetoria
1196 1236 1372 1296 navis
1401 1236 1662 1296 Eudami
1691 1244 1852 1309 erat3
1893 1239 2153 1313 cogebat

181 1338 413 1400 agmen
457 1320 839 1390 Chariclitus3
894 1319 1308 1394 Pamphilidas
1347 1320 1587 1379 mediae
1627 1321 1814 1380 classi
1855 1329 2152 1395 praeerat.

179 1407 507 1466 Eudamus
539 1411 865 1479 postquam
894 1403 1159 1463 hostium
1188 1403 1382 1462 aciem
1410 1404 1763 1463 instructam
1793 1409 1855 1463 et
1883 1411 2154 1478 paratam

184 1491 274 1550 ad
304 1488 791 1550 concurrendum
820 1485 990 1560 vidit,
1022 1493 1083 1546 et
1110 1487 1245 1562 ipse
1274 1487 1335 1546 in
1363 1489 1549 1548 altum
1578 1485 1869 1560 evehitur,
1903 1493 1964 1547 et
1985 1487 2154 1547 dein·

187 1589 347 1648 ceps
387 1588 547 1648 quae
588 1571 1005 1647 sequebantur
1033 1577 1356 1631 servantes
1383 1571 1660 1631 ordinem
1687 1571 1746 1629 in
1779 1572 2037 1632 frontem
2065 1571 2153 1630 di-

184 1658 395 1732 rigere
434 1657 618 1716 iubet.
686 1669 760 1714 ea
786 1670 888 1714 res
927 1655 1123 1729 primo
1165 1657 1480 1716 tumultum
1517 1653 1825 1729 praebuit=
1870 1671 2010 1714 nam
2037 1670 2154 1715 nec

189 1741 289 1802 sic
317 1741 381 1800 in
409 1742 591 1800 altum
634 1745 889 1802 evectus
918 1746 1048 1800 erat
1077 1745 1143 1799 ut
1170 1739 1324 1800 ordo
1355 1738 1624 1800 omnium
1652 1739 1900 1799 navium
1927 1740 2006 1799 ad
2037 1746 2154 1799 ter·

190 1839 337 1884 ram
368 1821 663 1900 explicari
692 1829 939 1898 posset,
982 1830 1045 1884 et
1073 1822 1370 1885 festinans
1401 1824 1538 1898 ipse
1570 1837 1988 1898 praepropere
2019 1838 2154 1883 cum

192 1906 471 1985 quinque
510 1907 661 1968 solis
702 1906 963 1968 navibus
989 1907 1312 1968 Hannibali
1356 1906 1648 1980 occurrit,
1692 1907 1877 1966 ceteri
1919 1904 2066 1981 quia
2095 1907 2155 1966 in

196 1994 455 2053 frontem
497 1991 761 2066 dirigere
796 1991 953 2051 iussi
979 2000 1177 2062 erant,
1220 2007 1344 2050 non
1377 1990 1812 2065 sequebantur.
1881 1997 2154 2050 extremo

192 2076 421 2151 agmini
462 2076 581 2138 loci
610 2075 758 2135 nihil
786 2075 868 2135 ad
898 2081 1121 2135 terram
1149 2074 1341 2135 relicti
1370 2080 1532 2143 erat3
1585 2074 2156 2150 trepidantibusque

193 2159 297 2220 his
337 2160 492 2221 inter
531 2175 603 2220 se
644 2160 761 2218 iam
803 2158 862 2217 in
905 2158 1122 2219 dextro
1173 2173 1366 2217 cornu
1415 2158 1718 2217 adversus
1756 2156 2157 2217 Hannibalem

196 2244 599 2318 pugnabatur.
670 2242 883 2302 XXIV.
940 2242 1055 2301 sed
1104 2249 1412 2301 momento
1463 2239 1760 2315 temporis
1809 2244 1870 2297 et
1911 2240 2160 2299 navium

195 2328 389 2387 virtus
440 2334 502 2387 et
546 2342 703 2387 usus
751 2325 844 2385 rei
892 2325 1225 2385 maritimae
1277 2330 1570 2385 terrorem
1620 2338 1860 2384 omnem
1901 2321 2158 2383 Rhodiis

197 2410 482 2486 dempsit.
548 2426 689 2469 nam
728 2409 879 2470 etin
924 2409 1110 2469 altum
1150 2408 1428 2469 celeriter
1454 2414 1708 2468 evectae
1735 2421 1928 2466 naves
1958 2408 2160 2467 locum

196 2500 345 2572 post
371 2509 441 2554 se
472 2508 755 2568 quaeque
786 2492 1051 2552 venienti
1079 2492 1159 2551 ad
1187 2500 1408 2551 terram
1431 2491 1678 2565 dedere,
1709 2498 1769 2551 et
1789 2489 1844 2549 si
1867 2506 1990 2565 qua
2013 2506 2160 2551 con·

200 2583 474 2638 currerat
500 2582 702 2638 rostro
733 2592 870 2637 cum
899 2576 1165 2637 hostium
1196 2590 1384 2646 nave,
1429 2582 1534 2635 aut
1563 2590 1804 2651 proram
1836 2574 2159 2647 lacerabat,

202 2666 311 2721 aut
344 2676 547 2734 remos
592 2660 977 2736 detergebat,
1020 2667 1127 2721 aut
1164 2658 1355 2721 libero
1397 2661 1554 2721 inter
1596 2659 1843 2720 ordines
1874 2655 2161 2719 discursu

206 2750 621 2819 praetervecta
658 2746 716 2805 in
758 2746 1016 2821 puppim
1056 2744 1346 2819 impetum
1389 2744 1592 2803 dabat.
1657 2742 1922 2803 maxime
1963 2750 2160 2803 exter-

202 2828 321 2889 ruit
354 2827 623 2903 hepteris
660 2828 836 2905 regia
864 2844 902 2889 a
929 2830 1117 2889 multo
1158 2830 1396 2889 minore
1423 2826 1668 2888 Rhodia
1695 2842 1852 2888 nave
1878 2843 2003 2887 uno
2035 2828 2160 2886 ictu

209 2912 502 2971 demersa.
567 2912 775 2989 itaque
806 2914 923 2973 iam
950 2912 1115 2973 haud
1147 2913 1334 2973 dubie
1363 2913 1642 2972 dextrum
1675 2926 1866 2973 cornu
1891 2910 2162 2970 hostium

209 2996 269 3054 in
299 2996 495 3069 lugam
525 2996 871 3057 inclinabat.
908 2996 1248 3056 Eudamum
1277 2997 1339 3055 in
1369 2998 1490 3055 alto
1513 2994 1894 3055 multitudine
1916 2992 2161 3051 navium

211 3079 461 3137 maxime
481 3078 803 3154 Hannibal,
834 3078 1053 3139 ceteris
1084 3080 1370 3139 omnibus
1391 3080 1574 3150 longe
1606 3080 2031 3150 praestantem,
2061 3091 2160 3134 ur-

212 3162 412 3237 gebat3
456 3171 516 3224 et
556 3162 1087 3234 circumvenisset,
1130 3164 1194 3221 ni
1229 3162 1414 3235 signo
1458 3159 1698 3219 sublato
1742 3174 1820 3219 ex
1855 3158 2163 3234 praetoria

212 3260 388 3318 nave,
433 3262 555 3327 quo
600 3247 945 3322 dispersam
986 3246 1251 3305 classem
1288 3246 1351 3303 in
1388 3259 1577 3303 unum
1618 3242 1819 3317 colligi
1849 3256 1983 3302 mos
2015 3249 2160 3314 erat,

219 3344 419 3390 omnes
460 3345 619 3405 quae
646 3330 709 3391 in
752 3329 969 3389 dextro
1002 3344 1193 3389 cornu
1230 3328 1503 3387 vicerant
1530 3341 1724 3386 naves
1754 3326 1834 3385 ad
1863 3340 2046 3401 opem
2077 3326 2161 3383 fe-

212 3412 455 3473 rendam
506 3414 636 3473 suis
688 3412 1165 3475 concurrissent.
1240 3419 1363 3472 tum
1414 3418 1476 3471 et
1519 3410 1823 3471 Hannibal
1877 3424 2163 3485 quaeque
