<?xml version="1.0" encoding="UTF-8"?>
<!DOCTYPE html PUBLIC "-//W3C//DTD XHTML 1.0 Transitional//EN"
    "http://www.w3.org/TR/xhtml1/DTD/xhtml1-transitional.dtd">
<html xmlns="http://www.w3.org/1999/xhtml" xml:lang="en" lang="en">
 <head>
  <title>
</title>
<meta http-equiv="Content-Type" content="text/html;charset=utf-8" />
  <meta name='ocr-system' content='tesseract 3.04.00' />
  <meta name='ocr-capabilities' content='ocr_page ocr_carea ocr_par ocr_line ocrx_word'/>
</head>
<body>
  <div class='ocr_page' id='page_1' title='image "./aburbeconditali14livygoog_0153.png"; bbox 0 0 2548 3950; ppageno 0'>
   <div class='ocr_carea' id='block_1_1' title="bbox 364 245 1946 329">
    <p class='ocr_par' dir='ltr' id='par_1_1' title="bbox 364 245 1946 329">
     <span class='ocr_line' id='line_1_1' title="bbox 364 245 1946 329; baseline -0.003 -18"><span class='ocrx_word' id='word_1_1' title='bbox 364 249 487 311; x_wconf 81' lang='lat'><strong>126</strong></span> <span class='ocrx_word' id='word_1_2' title='bbox 688 245 917 306; x_wconf 71' lang='lat' dir='ltr'><strong>mmm</strong></span> <span class='ocrx_word' id='word_1_3' title='bbox 943 245 1207 305; x_wconf 81' lang='lat' dir='ltr'><strong>xxxlv.</strong></span> <span class='ocrx_word' id='word_1_4' title='bbox 1255 245 1418 304; x_wconf 82' lang='lat' dir='ltr'><strong>CAP.</strong></span> <span class='ocrx_word' id='word_1_5' title='bbox 1448 253 1502 305; x_wconf 81' lang='lat'><strong>2.</strong></span> <span class='ocrx_word' id='word_1_6' title='bbox 1546 245 1617 322; x_wconf 74' lang='lat' dir='ltr'><strong>[a.</strong></span> <span class='ocrx_word' id='word_1_7' title='bbox 1644 251 1714 307; x_wconf 87' lang='lat' dir='ltr'><strong>U.</strong></span> <span class='ocrx_word' id='word_1_8' title='bbox 1745 251 1946 329; x_wconf 52' lang='lat' dir='ltr'><strong>marn]</strong></span> 
     </span>
    </p>
   </div>
   <div class='ocr_carea' id='block_1_2' title="bbox 346 393 2320 3561">
    <p class='ocr_par' dir='ltr' id='par_1_2' title="bbox 346 393 2320 3561">
     <span class='ocr_line' id='line_1_2' title="bbox 358 393 2317 474; baseline -0.001 -15"><span class='ocrx_word' id='word_1_9' title='bbox 358 400 629 474; x_wconf 85' lang='lat' dir='ltr'><strong>singulas</strong></span> <span class='ocrx_word' id='word_1_10' title='bbox 686 397 989 457; x_wconf 84' lang='lat' dir='ltr'><strong>sustinere</strong></span> <span class='ocrx_word' id='word_1_11' title='bbox 1040 412 1161 457; x_wconf 87' lang='lat' dir='ltr'><strong>non</strong></span> <span class='ocrx_word' id='word_1_12' title='bbox 1212 395 1552 470; x_wconf 79' lang='lat' dir='ltr'><strong>potuimuS,</strong></span> <span class='ocrx_word' id='word_1_13' title='bbox 1601 393 1924 456; x_wconf 84' lang='lat' dir='ltr'><strong>universas</strong></span> <span class='ocrx_word' id='word_1_14' title='bbox 1965 395 2317 471; x_wconf 83' lang='lat' dir='ltr'><strong>horremus.</strong></span> 
     </span>
     <span class='ocr_line' id='line_1_3' title="bbox 357 477 2320 557; baseline 0.001 -16"><span class='ocrx_word' id='word_1_15' title='bbox 357 482 640 557; x_wconf 85' lang='lat' dir='ltr'><strong>equidem</strong></span> <span class='ocrx_word' id='word_1_16' title='bbox 694 481 959 540; x_wconf 78' lang='lat' dir='ltr'><strong>fabulam</strong></span> <span class='ocrx_word' id='word_1_17' title='bbox 1001 485 1062 539; x_wconf 91' lang='lat' dir='ltr'><strong>et</strong></span> <span class='ocrx_word' id='word_1_18' title='bbox 1101 479 1301 539; x_wconf 82' lang='lat' dir='ltr'><strong>fictam</strong></span> <span class='ocrx_word' id='word_1_19' title='bbox 1341 493 1470 537; x_wconf 89' lang='lat' dir='ltr'><strong>rem</strong></span> <span class='ocrx_word' id='word_1_20' title='bbox 1512 477 1812 538; x_wconf 82' lang='lat' dir='ltr'>ducebam</span> <span class='ocrx_word' id='word_1_21' title='bbox 1853 493 1996 539; x_wconf 88' lang='lat' dir='ltr'><strong>esse</strong></span> <span class='ocrx_word' id='word_1_22' title='bbox 2039 481 2320 542; x_wconf 87' lang='lat' dir='ltr'><strong>virorum</strong></span> 
     </span>
     <span class='ocr_line' id='line_1_4' title="bbox 356 561 2316 639; baseline 0.001 -15"><span class='ocrx_word' id='word_1_23' title='bbox 356 581 536 625; x_wconf 89' lang='lat' dir='ltr'><strong>omne</strong></span> <span class='ocrx_word' id='word_1_24' title='bbox 588 580 783 639; x_wconf 89' lang='lat' dir='ltr'><strong>genus</strong></span> <span class='ocrx_word' id='word_1_25' title='bbox 834 565 895 624; x_wconf 91' lang='lat' dir='ltr'><strong>in</strong></span> <span class='ocrx_word' id='word_1_26' title='bbox 948 561 1154 639; x_wconf 85' lang='lat' dir='ltr'><strong>aliqua</strong></span> <span class='ocrx_word' id='word_1_27' title='bbox 1203 562 1403 622; x_wconf 89' lang='lat' dir='ltr'><strong>insula</strong></span> <span class='ocrx_word' id='word_1_28' title='bbox 1453 562 1870 622; x_wconf 84' lang='lat' dir='ltr'><strong>coniuratione</strong></span> <span class='ocrx_word' id='word_1_29' title='bbox 1919 563 2204 626; x_wconf 80' lang='lat' dir='ltr'><strong>muliebri</strong></span> <span class='ocrx_word' id='word_1_30' title='bbox 2233 566 2316 625; x_wconf 86' lang='lat' dir='ltr'><strong>ab</strong></span> 
     </span>
     <span class='ocr_line' id='line_1_5' title="bbox 355 646 2316 724; baseline -0.001 -15"><span class='ocrx_word' id='word_1_31' title='bbox 355 649 548 724; x_wconf 86' lang='lat' dir='ltr'><strong>stirpe</strong></span> <span class='ocrx_word' id='word_1_32' title='bbox 578 649 881 708; x_wconf 88' lang='lat' dir='ltr'><strong>sublatum</strong></span> <span class='ocrx_word' id='word_1_33' title='bbox 912 661 1073 706; x_wconf 90' lang='lat' dir='ltr'><strong>esse.</strong></span> <span class='ocrx_word' id='word_1_34' title='bbox 1118 646 1194 706; x_wconf 87' lang='lat' dir='ltr'><strong>ab</strong></span> <span class='ocrx_word' id='word_1_35' title='bbox 1223 646 1391 706; x_wconf 88' lang='lat' dir='ltr'><strong>nullo</strong></span> <span class='ocrx_word' id='word_1_36' title='bbox 1421 660 1648 720; x_wconf 80' lang='lat' dir='ltr'><strong>genere</strong></span> <span class='ocrx_word' id='word_1_37' title='bbox 1675 660 1798 706; x_wconf 91' lang='lat' dir='ltr'><strong>non</strong></span> <span class='ocrx_word' id='word_1_38' title='bbox 1829 661 2130 706; x_wconf 86' lang='lat' dir='ltr'><strong>summum</strong></span> <span class='ocrx_word' id='word_1_39' title='bbox 2154 648 2316 723; x_wconf 89' lang='lat' dir='ltr'><strong>peri·</strong></span> 
     </span>
     <span class='ocr_line' id='line_1_6' title="bbox 356 727 2314 804; baseline -0.001 -11"><span class='ocrx_word' id='word_1_40' title='bbox 356 735 556 793; x_wconf 88' lang='lat' dir='ltr'><strong>culum</strong></span> <span class='ocrx_word' id='word_1_41' title='bbox 586 739 698 804; x_wconf 90' lang='lat' dir='ltr'><strong>est,</strong></span> <span class='ocrx_word' id='word_1_42' title='bbox 730 732 782 790; x_wconf 90' lang='lat' dir='ltr'><strong>si</strong></span> <span class='ocrx_word' id='word_1_43' title='bbox 816 736 1027 790; x_wconf 90' lang='lat' dir='ltr'><strong>coetus</strong></span> <span class='ocrx_word' id='word_1_44' title='bbox 1061 735 1120 790; x_wconf 91' lang='lat' dir='ltr'><strong>et</strong></span> <span class='ocrx_word' id='word_1_45' title='bbox 1149 727 1410 790; x_wconf 89' lang='lat' dir='ltr'><strong>concilia</strong></span> <span class='ocrx_word' id='word_1_46' title='bbox 1436 733 1498 788; x_wconf 87' lang='lat' dir='ltr'><strong>ct</strong></span> <span class='ocrx_word' id='word_1_47' title='bbox 1523 735 1795 790; x_wconf 87' lang='lat' dir='ltr'><strong>secretas</strong></span> <span class='ocrx_word' id='word_1_48' title='bbox 1827 731 2314 793; x_wconf 78' lang='lat' dir='ltr'><strong>consultationes</strong></span> 
     </span>
     <span class='ocr_line' id='line_1_7' title="bbox 356 811 2316 888; baseline -0.001 -12"><span class='ocrx_word' id='word_1_49' title='bbox 356 831 500 876; x_wconf 90' lang='lat' dir='ltr'><strong>esse</strong></span> <span class='ocrx_word' id='word_1_50' title='bbox 541 815 729 875; x_wconf 88' lang='lat' dir='ltr'><strong>sinas.</strong></span> <span class='ocrx_word' id='word_1_51' title='bbox 796 821 978 888; x_wconf 85' lang='lat' dir='ltr'><strong>atque</strong></span> <span class='ocrx_word' id='word_1_52' title='bbox 1020 828 1135 888; x_wconf 88' lang='lat' dir='ltr'><strong>ego</strong></span> <span class='ocrx_word' id='word_1_53' title='bbox 1179 812 1286 873; x_wconf 85' lang='lat' dir='ltr'><strong>vix</strong></span> <span class='ocrx_word' id='word_1_54' title='bbox 1327 818 1590 873; x_wconf 76' lang='lat' dir='ltr'><strong>statuere</strong></span> <span class='ocrx_word' id='word_1_55' title='bbox 1619 811 1785 887; x_wconf 88' lang='lat' dir='ltr'><strong>apud</strong></span> <span class='ocrx_word' id='word_1_56' title='bbox 1815 812 2082 873; x_wconf 90' lang='lat' dir='ltr'><strong>animum</strong></span> <span class='ocrx_word' id='word_1_57' title='bbox 2111 829 2316 875; x_wconf 88' lang='lat' dir='ltr'><strong>meum</strong></span> 
     </span>
     <span class='ocr_line' id='line_1_8' title="bbox 354 895 2313 976; baseline -0.002 -16"><span class='ocrx_word' id='word_1_58' title='bbox 354 915 642 976; x_wconf 83' lang='lat' dir='ltr'><strong>possum,</strong></span> <span class='ocrx_word' id='word_1_59' title='bbox 683 905 881 958; x_wconf 86' lang='lat' dir='ltr'><strong>utrum</strong></span> <span class='ocrx_word' id='word_1_60' title='bbox 917 897 1091 972; x_wconf 89' lang='lat' dir='ltr'><strong>peior</strong></span> <span class='ocrx_word' id='word_1_61' title='bbox 1120 897 1257 972; x_wconf 88' lang='lat' dir='ltr'><strong>ipsa</strong></span> <span class='ocrx_word' id='word_1_62' title='bbox 1284 912 1385 956; x_wconf 88' lang='lat' dir='ltr'><strong>res</strong></span> <span class='ocrx_word' id='word_1_63' title='bbox 1417 913 1494 955; x_wconf 89' lang='lat' dir='ltr'><strong>an</strong></span> <span class='ocrx_word' id='word_1_64' title='bbox 1524 895 1734 972; x_wconf 85' lang='lat' dir='ltr'><strong>peiore</strong></span> <span class='ocrx_word' id='word_1_65' title='bbox 1761 898 2044 972; x_wconf 87' lang='lat' dir='ltr'><strong>exemplo</strong></span> <span class='ocrx_word' id='word_1_66' title='bbox 2077 905 2313 972; x_wconf 82' lang='lat' dir='ltr'><strong>agatur.</strong></span> 
     </span>
     <span class='ocr_line' id='line_1_9' title="bbox 356 979 2313 1058; baseline -0.001 -15"><span class='ocrx_word' id='word_1_67' title='bbox 356 995 617 1058; x_wconf 83' lang='lat' dir='ltr'><strong>quorum</strong></span> <span class='ocrx_word' id='word_1_68' title='bbox 648 982 901 1042; x_wconf 85' lang='lat' dir='ltr'><strong>alterum</strong></span> <span class='ocrx_word' id='word_1_69' title='bbox 930 980 1008 1039; x_wconf 85' lang='lat' dir='ltr'><strong>ad</strong></span> <span class='ocrx_word' id='word_1_70' title='bbox 1031 996 1147 1040; x_wconf 93' lang='lat' dir='ltr'><strong>nos</strong></span> <span class='ocrx_word' id='word_1_71' title='bbox 1172 982 1464 1041; x_wconf 88' lang='lat' dir='ltr'><strong>consules</strong></span> <span class='ocrx_word' id='word_1_72' title='bbox 1485 979 1882 1055; x_wconf 87' lang='lat' dir='ltr'><strong>reliquosque</strong></span> <span class='ocrx_word' id='word_1_73' title='bbox 1899 980 2313 1055; x_wconf 79' lang='lat' dir='ltr'><strong>magistratuS,</strong></span> 
     </span>
     <span class='ocr_line' id='line_1_10' title="bbox 355 1063 2317 1138; baseline -0.001 -13"><span class='ocrx_word' id='word_1_74' title='bbox 355 1068 607 1126; x_wconf 81' lang='lat' dir='ltr'><strong>alterum</strong></span> <span class='ocrx_word' id='word_1_75' title='bbox 639 1066 719 1124; x_wconf 87' lang='lat' dir='ltr'><strong>ad</strong></span> <span class='ocrx_word' id='word_1_76' title='bbox 746 1078 880 1137; x_wconf 84' lang='lat' dir='ltr'><strong>VOS,</strong></span> <span class='ocrx_word' id='word_1_77' title='bbox 914 1063 1193 1137; x_wconf 84' lang='lat' dir='ltr'><strong>Quirites,</strong></span> <span class='ocrx_word' id='word_1_78' title='bbox 1222 1063 1416 1137; x_wconf 84' lang='lat' dir='ltr'><strong>magis</strong></span> <span class='ocrx_word' id='word_1_79' title='bbox 1447 1063 1723 1138; x_wconf 82' lang='lat' dir='ltr'><strong>pertinet.</strong></span> <span class='ocrx_word' id='word_1_80' title='bbox 1773 1079 1914 1122; x_wconf 89' lang='lat' dir='ltr'><strong>nam</strong></span> <span class='ocrx_word' id='word_1_81' title='bbox 1941 1070 2148 1124; x_wconf 85' lang='lat' dir='ltr'><strong>utrum</strong></span> <span class='ocrx_word' id='word_1_82' title='bbox 2180 1080 2217 1125; x_wconf 91' lang='lat' dir='ltr'><strong>e</strong></span> <span class='ocrx_word' id='word_1_83' title='bbox 2243 1079 2317 1124; x_wconf 81' lang='lat' dir='ltr'><strong>re</strong></span> 
     </span>
     <span class='ocr_line' id='line_1_11' title="bbox 357 1147 2316 1225; baseline -0.001 -16"><span class='ocrx_word' id='word_1_84' title='bbox 357 1150 604 1225; x_wconf 87' lang='lat' dir='ltr'><strong>publica</strong></span> <span class='ocrx_word' id='word_1_85' title='bbox 632 1148 711 1208; x_wconf 85' lang='lat' dir='ltr'><strong>sit</strong></span> <span class='ocrx_word' id='word_1_86' title='bbox 739 1163 933 1208; x_wconf 87' lang='lat' dir='ltr'><strong>necne</strong></span> <span class='ocrx_word' id='word_1_87' title='bbox 962 1147 1023 1206; x_wconf 92' lang='lat' dir='ltr'><strong>id</strong></span> <span class='ocrx_word' id='word_1_88' title='bbox 1049 1147 1217 1221; x_wconf 91' lang='lat' dir='ltr'><strong>quod</strong></span> <span class='ocrx_word' id='word_1_89' title='bbox 1241 1147 1321 1205; x_wconf 89' lang='lat' dir='ltr'><strong>ad</strong></span> <span class='ocrx_word' id='word_1_90' title='bbox 1343 1163 1458 1206; x_wconf 90' lang='lat' dir='ltr'><strong>vos</strong></span> <span class='ocrx_word' id='word_1_91' title='bbox 1483 1147 1687 1220; x_wconf 78' lang='lat' dir='ltr'><strong>fertur,</strong></span> <span class='ocrx_word' id='word_1_92' title='bbox 1717 1154 1922 1208; x_wconf 86' lang='lat' dir='ltr'><strong>vestra</strong></span> <span class='ocrx_word' id='word_1_93' title='bbox 1945 1147 2316 1208; x_wconf 79' lang='lat' dir='ltr'><strong>existimatio</strong></span> 
     </span>
     <span class='ocr_line' id='line_1_12' title="bbox 354 1227 2314 1308; baseline -0.001 -16"><span class='ocrx_word' id='word_1_94' title='bbox 354 1240 480 1307; x_wconf 86' lang='lat' dir='ltr'><strong>est,</strong></span> <span class='ocrx_word' id='word_1_95' title='bbox 525 1233 628 1308; x_wconf 84' lang='lat' dir='ltr'><strong>qui</strong></span> <span class='ocrx_word' id='word_1_96' title='bbox 659 1233 719 1290; x_wconf 90' lang='lat' dir='ltr'><strong>in</strong></span> <span class='ocrx_word' id='word_1_97' title='bbox 763 1229 1121 1304; x_wconf 80' lang='lat' dir='ltr'><strong>suffragium</strong></span> <span class='ocrx_word' id='word_1_98' title='bbox 1155 1227 1292 1289; x_wconf 86' lang='lat' dir='ltr'><strong>ituri</strong></span> <span class='ocrx_word' id='word_1_99' title='bbox 1323 1231 1488 1289; x_wconf 83' lang='lat' dir='ltr'><strong>estis.</strong></span> <span class='ocrx_word' id='word_1_100' title='bbox 1553 1231 1706 1291; x_wconf 87' lang='lat' dir='ltr'><strong>haec</strong></span> <span class='ocrx_word' id='word_1_101' title='bbox 1737 1231 2149 1291; x_wconf 82' lang='lat' dir='ltr'><strong>consternatio</strong></span> <span class='ocrx_word' id='word_1_102' title='bbox 2180 1247 2314 1290; x_wconf 86' lang='lat' dir='ltr'><strong>mu-</strong></span> 
     </span>
     <span class='ocr_line' id='line_1_13' title="bbox 356 1313 2314 1390; baseline -0.001 -14"><span class='ocrx_word' id='word_1_103' title='bbox 356 1317 583 1390; x_wconf 90' lang='lat' dir='ltr'><strong>liebris,</strong></span> <span class='ocrx_word' id='word_1_104' title='bbox 617 1315 750 1375; x_wconf 90' lang='lat' dir='ltr'><strong>sive</strong></span> <span class='ocrx_word' id='word_1_105' title='bbox 782 1331 896 1376; x_wconf 86' lang='lat' dir='ltr'><strong>sua</strong></span> <span class='ocrx_word' id='word_1_106' title='bbox 926 1319 1145 1389; x_wconf 84' lang='lat' dir='ltr'><strong>sponte</strong></span> <span class='ocrx_word' id='word_1_107' title='bbox 1176 1314 1310 1374; x_wconf 88' lang='lat' dir='ltr'><strong>sive</strong></span> <span class='ocrx_word' id='word_1_108' title='bbox 1335 1313 1686 1374; x_wconf 85' lang='lat' dir='ltr'><strong>auctoribus</strong></span> <span class='ocrx_word' id='word_1_109' title='bbox 1708 1314 1906 1388; x_wconf 81' lang='lat' dir='ltr'><strong>vobiS,</strong></span> <span class='ocrx_word' id='word_1_110' title='bbox 1929 1313 2008 1374; x_wconf 91' lang='grc' dir='ltr'><strong>Μ.</strong></span> <span class='ocrx_word' id='word_1_111' title='bbox 2033 1314 2314 1374; x_wconf 88' lang='lat' dir='ltr'><strong>Fundani</strong></span> 
     </span>
     <span class='ocr_line' id='line_1_14' title="bbox 354 1397 2316 1474; baseline -0.001 -14"><span class='ocrx_word' id='word_1_112' title='bbox 354 1408 414 1461; x_wconf 90' lang='lat' dir='ltr'><strong>et</strong></span> <span class='ocrx_word' id='word_1_113' title='bbox 440 1400 506 1460; x_wconf 90' lang='lat' dir='ltr'><strong>L.</strong></span> <span class='ocrx_word' id='word_1_114' title='bbox 534 1399 776 1474; x_wconf 87' lang='lat' dir='ltr'><strong>Valeri,</strong></span> <span class='ocrx_word' id='word_1_115' title='bbox 820 1399 976 1458; x_wconf 80' lang='lat' dir='ltr'><strong>facta</strong></span> <span class='ocrx_word' id='word_1_116' title='bbox 1018 1405 1140 1471; x_wconf 91' lang='lat' dir='ltr'><strong>est,</strong></span> <span class='ocrx_word' id='word_1_117' title='bbox 1185 1397 1350 1457; x_wconf 89' lang='lat' dir='ltr'><strong>haud</strong></span> <span class='ocrx_word' id='word_1_118' title='bbox 1393 1397 1576 1457; x_wconf 92' lang='lat' dir='ltr'><strong>dubie</strong></span> <span class='ocrx_word' id='word_1_119' title='bbox 1613 1399 1693 1456; x_wconf 90' lang='lat' dir='ltr'><strong>ad</strong></span> <span class='ocrx_word' id='word_1_120' title='bbox 1723 1399 1964 1472; x_wconf 90' lang='lat' dir='ltr'><strong>culpam</strong></span> <span class='ocrx_word' id='word_1_121' title='bbox 1994 1398 2316 1473; x_wconf 86' lang='lat' dir='ltr'><strong>magistra-</strong></span> 
     </span>
     <span class='ocr_line' id='line_1_15' title="bbox 352 1481 2314 1558; baseline -0.001 -16"><span class='ocrx_word' id='word_1_122' title='bbox 352 1490 521 1543; x_wconf 84' lang='lat' dir='ltr'><strong>tuum</strong></span> <span class='ocrx_word' id='word_1_123' title='bbox 552 1483 862 1558; x_wconf 84' lang='lat' dir='ltr'><strong>pertinens</strong></span> <span class='ocrx_word' id='word_1_124' title='bbox 892 1482 1102 1542; x_wconf 87' lang='lat' dir='ltr'><strong>nescio</strong></span> <span class='ocrx_word' id='word_1_125' title='bbox 1133 1481 1329 1554; x_wconf 83' lang='lat' dir='ltr'><strong>vobiS,</strong></span> <span class='ocrx_word' id='word_1_126' title='bbox 1361 1481 1602 1554; x_wconf 87' lang='lat' dir='ltr'><strong>tribuni,</strong></span> <span class='ocrx_word' id='word_1_127' title='bbox 1632 1496 1708 1539; x_wconf 87' lang='lat' dir='ltr'><strong>an</strong></span> <span class='ocrx_word' id='word_1_128' title='bbox 1734 1481 2091 1541; x_wconf 89' lang='lat' dir='ltr'><strong>consulibus</strong></span> <span class='ocrx_word' id='word_1_129' title='bbox 2117 1481 2314 1556; x_wconf 73' lang='lat' dir='ltr'><strong>magis</strong></span> 
     </span>
     <span class='ocr_line' id='line_1_16' title="bbox 354 1563 2315 1637; baseline -0.001 -11"><span class='ocrx_word' id='word_1_130' title='bbox 354 1567 432 1626; x_wconf 88' lang='lat' dir='ltr'><strong>sit</strong></span> <span class='ocrx_word' id='word_1_131' title='bbox 462 1566 774 1626; x_wconf 80' lang='lat' dir='ltr'><strong>deformis.</strong></span> <span class='ocrx_word' id='word_1_132' title='bbox 814 1565 1014 1637; x_wconf 81' lang='lat' dir='ltr'><strong>vobiS,</strong></span> <span class='ocrx_word' id='word_1_133' title='bbox 1051 1566 1102 1626; x_wconf 90' lang='lat' dir='ltr'><strong>si</strong></span> <span class='ocrx_word' id='word_1_134' title='bbox 1134 1567 1211 1624; x_wconf 88' lang='lat' dir='ltr'><strong>ad</strong></span> <span class='ocrx_word' id='word_1_135' title='bbox 1245 1565 1500 1624; x_wconf 78' lang='lat' dir='ltr'><strong>feminas</strong></span> <span class='ocrx_word' id='word_1_136' title='bbox 1531 1564 1926 1624; x_wconf 84' lang='lat' dir='ltr'><strong>concitandas</strong></span> <span class='ocrx_word' id='word_1_137' title='bbox 1954 1563 2315 1625; x_wconf 85' lang='lat' dir='ltr'><strong>tribunicias</strong></span> 
     </span>
     <span class='ocr_line' id='line_1_17' title="bbox 355 1647 2314 1724; baseline -0.001 -16"><span class='ocrx_word' id='word_1_138' title='bbox 355 1648 691 1709; x_wconf 83' lang='lat' dir='ltr'><strong>seditiones</strong></span> <span class='ocrx_word' id='word_1_139' title='bbox 722 1648 841 1708; x_wconf 88' lang='lat' dir='ltr'><strong>iam</strong></span> <span class='ocrx_word' id='word_1_140' title='bbox 883 1649 1261 1717; x_wconf 80' lang='lat' dir='ltr'><strong>adduxistis3</strong></span> <span class='ocrx_word' id='word_1_141' title='bbox 1313 1647 1522 1721; x_wconf 87' lang='lat' dir='ltr'><strong>nobis,</strong></span> <span class='ocrx_word' id='word_1_142' title='bbox 1567 1647 1619 1707; x_wconf 90' lang='lat' dir='ltr'><strong>si</strong></span> <span class='ocrx_word' id='word_1_143' title='bbox 1648 1651 1715 1707; x_wconf 87' lang='lat' dir='ltr'><strong>ut</strong></span> <span class='ocrx_word' id='word_1_144' title='bbox 1744 1647 1942 1723; x_wconf 88' lang='lat' dir='ltr'><strong>plebis</strong></span> <span class='ocrx_word' id='word_1_145' title='bbox 1975 1648 2314 1724; x_wconf 87' lang='lat' dir='ltr'><strong>quondam,</strong></span> 
     </span>
     <span class='ocr_line' id='line_1_18' title="bbox 356 1731 2315 1807; baseline -0.001 -17"><span class='ocrx_word' id='word_1_146' title='bbox 356 1732 447 1791; x_wconf 91' lang='lat' dir='ltr'><strong>sic</strong></span> <span class='ocrx_word' id='word_1_147' title='bbox 497 1747 659 1791; x_wconf 91' lang='lat' dir='ltr'><strong>nunc</strong></span> <span class='ocrx_word' id='word_1_148' title='bbox 709 1731 1026 1790; x_wconf 86' lang='lat' dir='ltr'><strong>mulierum</strong></span> <span class='ocrx_word' id='word_1_149' title='bbox 1079 1733 1434 1790; x_wconf 86' lang='lat' dir='ltr'><strong>secessione</strong></span> <span class='ocrx_word' id='word_1_150' title='bbox 1483 1732 1651 1805; x_wconf 90' lang='lat' dir='ltr'><strong>leges</strong></span> <span class='ocrx_word' id='word_1_151' title='bbox 1703 1731 2100 1807; x_wconf 80' lang='lat' dir='ltr'><strong>accipiendae</strong></span> <span class='ocrx_word' id='word_1_152' title='bbox 2150 1739 2315 1792; x_wconf 89' lang='lat' dir='ltr'><strong>sunt.</strong></span> 
     </span>
     <span class='ocr_line' id='line_1_19' title="bbox 354 1814 2314 1890; baseline 0.001 -17"><span class='ocrx_word' id='word_1_153' title='bbox 354 1815 641 1890; x_wconf 86' lang='lat' dir='ltr'><strong>equidem</strong></span> <span class='ocrx_word' id='word_1_154' title='bbox 669 1829 792 1874; x_wconf 91' lang='lat' dir='ltr'><strong>non</strong></span> <span class='ocrx_word' id='word_1_155' title='bbox 824 1815 956 1873; x_wconf 89' lang='lat' dir='ltr'><strong>sine</strong></span> <span class='ocrx_word' id='word_1_156' title='bbox 984 1814 1211 1873; x_wconf 87' lang='lat' dir='ltr'><strong>rubore</strong></span> <span class='ocrx_word' id='word_1_157' title='bbox 1242 1815 1506 1889; x_wconf 86' lang='lat' dir='ltr'><strong>quodam</strong></span> <span class='ocrx_word' id='word_1_158' title='bbox 1536 1815 1718 1890; x_wconf 90' lang='lat' dir='ltr'><strong>paulo</strong></span> <span class='ocrx_word' id='word_1_159' title='bbox 1745 1819 1886 1873; x_wconf 86' lang='lat' dir='ltr'><strong>ante</strong></span> <span class='ocrx_word' id='word_1_160' title='bbox 1910 1830 2022 1890; x_wconf 89' lang='lat' dir='ltr'><strong>per</strong></span> <span class='ocrx_word' id='word_1_161' title='bbox 2043 1815 2314 1875; x_wconf 87' lang='lat' dir='ltr'><strong>medium</strong></span> 
     </span>
     <span class='ocr_line' id='line_1_20' title="bbox 355 1898 2314 1974; baseline 0.001 -18"><span class='ocrx_word' id='word_1_162' title='bbox 355 1913 572 1972; x_wconf 84' lang='lat' dir='ltr'><strong>agmen</strong></span> <span class='ocrx_word' id='word_1_163' title='bbox 613 1898 933 1958; x_wconf 88' lang='lat' dir='ltr'><strong>mulierum</strong></span> <span class='ocrx_word' id='word_1_164' title='bbox 974 1898 1031 1956; x_wconf 87' lang='lat' dir='ltr'><strong>in</strong></span> <span class='ocrx_word' id='word_1_165' title='bbox 1081 1898 1277 1957; x_wconf 80' lang='lat' dir='ltr'><strong>forum</strong></span> <span class='ocrx_word' id='word_1_166' title='bbox 1321 1898 1592 1972; x_wconf 89' lang='lat' dir='ltr'><strong>perveni.</strong></span> <span class='ocrx_word' id='word_1_167' title='bbox 1657 1899 1822 1974; x_wconf 87' lang='lat' dir='ltr'><strong>quod</strong></span> <span class='ocrx_word' id='word_1_168' title='bbox 1865 1898 2110 1957; x_wconf 88' lang='lat' dir='ltr'><strong>nisime</strong></span> <span class='ocrx_word' id='word_1_169' title='bbox 2137 1913 2314 1958; x_wconf 83' lang='lat' dir='ltr'><strong>vere·</strong></span> 
     </span>
     <span class='ocr_line' id='line_1_21' title="bbox 356 1980 2317 2057; baseline 0.001 -16"><span class='ocrx_word' id='word_1_170' title='bbox 356 1982 582 2042; x_wconf 84' lang='lat' dir='ltr'><strong>cundia</strong></span> <span class='ocrx_word' id='word_1_171' title='bbox 612 1980 985 2056; x_wconf 88' lang='lat' dir='ltr'><strong>singularum</strong></span> <span class='ocrx_word' id='word_1_172' title='bbox 1014 1982 1209 2056; x_wconf 88' lang='lat' dir='ltr'><strong>magis</strong></span> <span class='ocrx_word' id='word_1_173' title='bbox 1240 1981 1570 2043; x_wconf 85' lang='lat' dir='ltr'><strong>maiestatis</strong></span> <span class='ocrx_word' id='word_1_174' title='bbox 1602 1990 1663 2042; x_wconf 92' lang='lat' dir='ltr'><strong>et</strong></span> <span class='ocrx_word' id='word_1_175' title='bbox 1689 1982 1944 2057; x_wconf 87' lang='lat' dir='ltr'><strong>pudoris</strong></span> <span class='ocrx_word' id='word_1_176' title='bbox 1973 1998 2157 2057; x_wconf 88' lang='lat' dir='ltr'><strong>quam</strong></span> <span class='ocrx_word' id='word_1_177' title='bbox 2179 1982 2317 2043; x_wconf 87' lang='lat' dir='ltr'><strong>uni-</strong></span> 
     </span>
     <span class='ocr_line' id='line_1_22' title="bbox 352 2065 2314 2141; baseline 0.001 -18"><span class='ocrx_word' id='word_1_178' title='bbox 352 2081 673 2127; x_wconf 87' lang='lat' dir='ltr'><strong>versarum</strong></span> <span class='ocrx_word' id='word_1_179' title='bbox 703 2066 1017 2139; x_wconf 87' lang='lat' dir='ltr'><strong>tenuisset,</strong></span> <span class='ocrx_word' id='word_1_180' title='bbox 1051 2081 1129 2124; x_wconf 91' lang='lat' dir='ltr'><strong>ne</strong></span> <span class='ocrx_word' id='word_1_181' title='bbox 1159 2067 1560 2141; x_wconf 84' lang='lat' dir='ltr'><strong>compellatae</strong></span> <span class='ocrx_word' id='word_1_182' title='bbox 1588 2082 1626 2125; x_wconf 87' lang='lat' dir='ltr'><strong>a</strong></span> <span class='ocrx_word' id='word_1_183' title='bbox 1655 2066 1910 2133; x_wconf 86' lang='lat' dir='ltr'><strong>consule</strong></span> <span class='ocrx_word' id='word_1_184' title='bbox 1941 2065 2314 2140; x_wconf 87' lang='lat' dir='ltr'><strong>viderentur,</strong></span> 
     </span>
     <span class='ocr_line' id='line_1_23' title="bbox 356 2149 2319 2225; baseline 0.001 -17"><span class='ocrx_word' id='word_1_185' title='bbox 356 2150 651 2211; x_wconf 87' lang='lat' dir='ltr'><strong>dixissem</strong></span> <span class='ocrx_word' id='word_1_186' title='bbox 682 2151 880 2225; x_wconf 88' lang='lat' dir='ltr'><strong>„„qui</strong></span> <span class='ocrx_word' id='word_1_187' title='bbox 920 2149 1019 2209; x_wconf 90' lang='lat' dir='ltr'><strong>hic</strong></span> <span class='ocrx_word' id='word_1_188' title='bbox 1055 2165 1189 2210; x_wconf 92' lang='lat' dir='ltr'><strong>mos</strong></span> <span class='ocrx_word' id='word_1_189' title='bbox 1220 2156 1316 2209; x_wconf 87' lang='lat' dir='ltr'><strong>est</strong></span> <span class='ocrx_word' id='word_1_190' title='bbox 1345 2149 1402 2207; x_wconf 88' lang='lat' dir='ltr'><strong>in</strong></span> <span class='ocrx_word' id='word_1_191' title='bbox 1435 2149 1741 2224; x_wconf 88' lang='lat' dir='ltr'><strong>publicum</strong></span> <span class='ocrx_word' id='word_1_192' title='bbox 1774 2150 2207 2224; x_wconf 91' lang='lat' dir='ltr'><strong>procurrendi,</strong></span> <span class='ocrx_word' id='word_1_193' title='bbox 2253 2157 2319 2210; x_wconf 87' lang='lat' dir='ltr'><strong>et</strong></span> 
     </span>
     <span class='ocr_line' id='line_1_24' title="bbox 355 2232 2318 2309; baseline 0.001 -17"><span class='ocrx_word' id='word_1_194' title='bbox 355 2233 682 2295; x_wconf 89' lang='lat' dir='ltr'><strong>obsidendi</strong></span> <span class='ocrx_word' id='word_1_195' title='bbox 724 2233 889 2309; x_wconf 78' lang='lat' dir='ltr'><strong>viaS,</strong></span> <span class='ocrx_word' id='word_1_196' title='bbox 933 2240 994 2295; x_wconf 86' lang='lat' dir='ltr'><strong>ct</strong></span> <span class='ocrx_word' id='word_1_197' title='bbox 1017 2235 1187 2294; x_wconf 89' lang='lat' dir='ltr'><strong>viros</strong></span> <span class='ocrx_word' id='word_1_198' title='bbox 1218 2233 1452 2293; x_wconf 88' lang='lat' dir='ltr'><strong>alienos</strong></span> <span class='ocrx_word' id='word_1_199' title='bbox 1484 2234 1877 2309; x_wconf 72' lang='lat' dir='ltr'><strong>appellandi?</strong></span> <span class='ocrx_word' id='word_1_200' title='bbox 1919 2232 2083 2295; x_wconf 88' lang='lat' dir='ltr'><strong>istud</strong></span> <span class='ocrx_word' id='word_1_201' title='bbox 2109 2234 2318 2309; x_wconf 87' lang='lat' dir='ltr'><strong>ipsum</strong></span> 
     </span>
     <span class='ocr_line' id='line_1_25' title="bbox 356 2316 2318 2393; baseline 0.002 -17"><span class='ocrx_word' id='word_1_202' title='bbox 356 2333 506 2379; x_wconf 90' lang='lat' dir='ltr'><strong>suos</strong></span> <span class='ocrx_word' id='word_1_203' title='bbox 553 2333 837 2392; x_wconf 89' lang='lat' dir='ltr'><strong>quaeque</strong></span> <span class='ocrx_word' id='word_1_204' title='bbox 880 2318 1044 2377; x_wconf 89' lang='lat' dir='ltr'><strong>domi</strong></span> <span class='ocrx_word' id='word_1_205' title='bbox 1073 2332 1296 2391; x_wconf 86' lang='lat' dir='ltr'><strong>rogare</strong></span> <span class='ocrx_word' id='word_1_206' title='bbox 1333 2334 1455 2376; x_wconf 92' lang='lat' dir='ltr'><strong>non</strong></span> <span class='ocrx_word' id='word_1_207' title='bbox 1489 2316 1813 2393; x_wconf 73' lang='lat' dir='ltr'><strong>potuistis?</strong></span> <span class='ocrx_word' id='word_1_208' title='bbox 1852 2334 1930 2377; x_wconf 91' lang='lat' dir='ltr'><strong>an</strong></span> <span class='ocrx_word' id='word_1_209' title='bbox 1958 2317 2318 2379; x_wconf 82' lang='lat' dir='ltr'><strong>blandiores</strong></span> 
     </span>
     <span class='ocr_line' id='line_1_26' title="bbox 354 2399 2320 2476; baseline 0.001 -17"><span class='ocrx_word' id='word_1_210' title='bbox 354 2399 416 2459; x_wconf 87' lang='lat' dir='ltr'><strong>in</strong></span> <span class='ocrx_word' id='word_1_211' title='bbox 446 2401 691 2476; x_wconf 91' lang='lat' dir='ltr'><strong>publico</strong></span> <span class='ocrx_word' id='word_1_212' title='bbox 725 2416 907 2476; x_wconf 89' lang='lat' dir='ltr'><strong>quam</strong></span> <span class='ocrx_word' id='word_1_213' title='bbox 936 2402 997 2459; x_wconf 90' lang='lat' dir='ltr'><strong>in</strong></span> <span class='ocrx_word' id='word_1_214' title='bbox 1028 2401 1294 2476; x_wconf 85' lang='lat' dir='ltr'><strong>privato,</strong></span> <span class='ocrx_word' id='word_1_215' title='bbox 1329 2408 1388 2460; x_wconf 86' lang='lat' dir='ltr'><strong>et</strong></span> <span class='ocrx_word' id='word_1_216' title='bbox 1415 2400 1628 2460; x_wconf 88' lang='lat' dir='ltr'><strong>alienis</strong></span> <span class='ocrx_word' id='word_1_217' title='bbox 1662 2416 1844 2474; x_wconf 86' lang='lat' dir='ltr'><strong>quam</strong></span> <span class='ocrx_word' id='word_1_218' title='bbox 1872 2401 2094 2461; x_wconf 86' lang='lat' dir='ltr'><strong>vestris</strong></span> <span class='ocrx_word' id='word_1_219' title='bbox 2123 2402 2320 2461; x_wconf 66' lang='lat' dir='ltr'><strong>estis?</strong></span> 
     </span>
     <span class='ocr_line' id='line_1_27' title="bbox 356 2482 2315 2558; baseline 0.002 -18"><span class='ocrx_word' id='word_1_220' title='bbox 356 2498 723 2557; x_wconf 88' lang='lat' dir='ltr'><strong>quamquam</strong></span> <span class='ocrx_word' id='word_1_221' title='bbox 763 2498 842 2541; x_wconf 91' lang='lat' dir='ltr'><strong>ne</strong></span> <span class='ocrx_word' id='word_1_222' title='bbox 887 2482 1051 2542; x_wconf 89' lang='lat' dir='ltr'><strong>domi</strong></span> <span class='ocrx_word' id='word_1_223' title='bbox 1081 2483 1328 2558; x_wconf 90' lang='lat' dir='ltr'><strong>quidem</strong></span> <span class='ocrx_word' id='word_1_224' title='bbox 1357 2501 1470 2545; x_wconf 92' lang='lat' dir='ltr'><strong>vos</strong></span> <span class='ocrx_word' id='word_1_225' title='bbox 1485 2507 1512 2557; x_wconf 89' lang='lat'><strong>,·</strong></span> <span class='ocrx_word' id='word_1_226' title='bbox 1545 2483 1599 2543; x_wconf 88' lang='lat' dir='ltr'><strong>si</strong></span> <span class='ocrx_word' id='word_1_227' title='bbox 1629 2484 1724 2543; x_wconf 90' lang='lat' dir='ltr'><strong>sui</strong></span> <span class='ocrx_word' id='word_1_228' title='bbox 1754 2484 1901 2544; x_wconf 89' lang='lat' dir='ltr'><strong>iuris</strong></span> <span class='ocrx_word' id='word_1_229' title='bbox 1932 2484 2156 2545; x_wconf 84' lang='lat' dir='ltr'><strong>finibus</strong></span> <span class='ocrx_word' id='word_1_230' title='bbox 2185 2500 2315 2543; x_wconf 86' lang='lat' dir='ltr'><strong>ma-</strong></span> 
     </span>
     <span class='ocr_line' id='line_1_28' title="bbox 356 2566 2315 2643; baseline 0.001 -18"><span class='ocrx_word' id='word_1_231' title='bbox 356 2572 567 2625; x_wconf 86' lang='lat' dir='ltr'><strong>tronas</strong></span> <span class='ocrx_word' id='word_1_232' title='bbox 603 2566 939 2625; x_wconf 89' lang='lat' dir='ltr'><strong>contineret</strong></span> <span class='ocrx_word' id='word_1_233' title='bbox 967 2566 1183 2641; x_wconf 90' lang='lat' dir='ltr'><strong>pudor,</strong></span> <span class='ocrx_word' id='word_1_234' title='bbox 1229 2583 1389 2642; x_wconf 90' lang='lat' dir='ltr'><strong>quae</strong></span> <span class='ocrx_word' id='word_1_235' title='bbox 1417 2570 1586 2642; x_wconf 87' lang='lat' dir='ltr'><strong>leges</strong></span> <span class='ocrx_word' id='word_1_236' title='bbox 1617 2566 1714 2627; x_wconf 90' lang='lat' dir='ltr'><strong>hic</strong></span> <span class='ocrx_word' id='word_1_237' title='bbox 1743 2575 2105 2643; x_wconf 80' lang='lat' dir='ltr'><strong>rogarentur</strong></span> <span class='ocrx_word' id='word_1_238' title='bbox 2132 2568 2315 2627; x_wconf 83' lang='lat' dir='ltr'><strong>abro-</strong></span> 
     </span>
     <span class='ocr_line' id='line_1_29' title="bbox 354 2650 2320 2725; baseline 0.002 -18"><span class='ocrx_word' id='word_1_239' title='bbox 354 2654 721 2722; x_wconf 86' lang='lat' dir='ltr'><strong>garenturve</strong></span> <span class='ocrx_word' id='word_1_240' title='bbox 750 2664 965 2709; x_wconf 88' lang='lat' dir='ltr'><strong>curare</strong></span> <span class='ocrx_word' id='word_1_241' title='bbox 994 2650 1310 2710; x_wconf 85' lang='lat' dir='ltr'><strong>decuit.““</strong></span> <span class='ocrx_word' id='word_1_242' title='bbox 1375 2652 1678 2725; x_wconf 88' lang='lat' dir='ltr'><strong>„maiores</strong></span> <span class='ocrx_word' id='word_1_243' title='bbox 1709 2652 1902 2712; x_wconf 87' lang='lat' dir='ltr'><strong>nostri</strong></span> <span class='ocrx_word' id='word_1_244' title='bbox 1932 2651 2188 2725; x_wconf 87' lang='lat' dir='ltr'><strong>nullam,</strong></span> <span class='ocrx_word' id='word_1_245' title='bbox 2236 2667 2320 2711; x_wconf 93' lang='lat' dir='ltr'><strong>ne</strong></span> 
     </span>
     <span class='ocr_line' id='line_1_30' title="bbox 354 2732 2320 2809; baseline 0.002 -18"><span class='ocrx_word' id='word_1_246' title='bbox 354 2732 654 2807; x_wconf 87' lang='lat' dir='ltr'><strong>privatam</strong></span> <span class='ocrx_word' id='word_1_247' title='bbox 698 2732 943 2807; x_wconf 89' lang='lat' dir='ltr'><strong>quidem</strong></span> <span class='ocrx_word' id='word_1_248' title='bbox 984 2750 1113 2793; x_wconf 90' lang='lat' dir='ltr'><strong>rem</strong></span> <span class='ocrx_word' id='word_1_249' title='bbox 1156 2750 1340 2809; x_wconf 84' lang='lat' dir='ltr'><strong>agere</strong></span> <span class='ocrx_word' id='word_1_250' title='bbox 1383 2734 1634 2795; x_wconf 84' lang='lat' dir='ltr'><strong>feminas</strong></span> <span class='ocrx_word' id='word_1_251' title='bbox 1671 2735 1804 2795; x_wconf 88' lang='lat' dir='ltr'><strong>sine</strong></span> <span class='ocrx_word' id='word_1_252' title='bbox 1836 2742 2034 2795; x_wconf 83' lang='lat' dir='ltr'><strong>tutore</strong></span> <span class='ocrx_word' id='word_1_253' title='bbox 2061 2740 2320 2795; x_wconf 82' lang='lat' dir='ltr'><strong>auctore</strong></span> 
     </span>
     <span class='ocr_line' id='line_1_31' title="bbox 351 2817 2318 2893; baseline 0 -19"><span class='ocrx_word' id='word_1_254' title='bbox 351 2817 707 2885; x_wconf 78' lang='lat' dir='ltr'><strong>voluerunt3</strong></span> <span class='ocrx_word' id='word_1_255' title='bbox 760 2817 818 2875; x_wconf 91' lang='lat' dir='ltr'><strong>in</strong></span> <span class='ocrx_word' id='word_1_256' title='bbox 864 2833 1047 2878; x_wconf 90' lang='lat' dir='ltr'><strong>manu</strong></span> <span class='ocrx_word' id='word_1_257' title='bbox 1089 2833 1232 2878; x_wconf 92' lang='lat' dir='ltr'><strong>esse</strong></span> <span class='ocrx_word' id='word_1_258' title='bbox 1274 2818 1642 2893; x_wconf 88' lang='lat' dir='ltr'><strong>parentium,</strong></span> <span class='ocrx_word' id='word_1_259' title='bbox 1687 2820 1966 2893; x_wconf 82' lang='lat' dir='ltr'><strong>fratrum,</strong></span> <span class='ocrx_word' id='word_1_260' title='bbox 2008 2817 2318 2879; x_wconf 70' lang='lat' dir='ltr'><strong>virorumz</strong></span> 
     </span>
     <span class='ocr_line' id='line_1_32' title="bbox 352 2899 2316 2977; baseline 0.002 -18"><span class='ocrx_word' id='word_1_261' title='bbox 352 2915 489 2972; x_wconf 82' lang='lat' dir='ltr'><strong>noS,</strong></span> <span class='ocrx_word' id='word_1_262' title='bbox 521 2899 577 2959; x_wconf 84' lang='lat' dir='ltr'><strong>si</strong></span> <span class='ocrx_word' id='word_1_263' title='bbox 608 2899 724 2960; x_wconf 87' lang='lat' dir='ltr'><strong>diis</strong></span> <span class='ocrx_word' id='word_1_264' title='bbox 757 2902 973 2976; x_wconf 84' lang='lat' dir='ltr'><strong>placet,</strong></span> <span class='ocrx_word' id='word_1_265' title='bbox 1006 2902 1122 2961; x_wconf 87' lang='lat' dir='ltr'><strong>iam</strong></span> <span class='ocrx_word' id='word_1_266' title='bbox 1154 2900 1334 2961; x_wconf 83' lang='lat' dir='ltr'><strong>etiam</strong></span> <span class='ocrx_word' id='word_1_267' title='bbox 1359 2916 1489 2961; x_wconf 91' lang='lat' dir='ltr'><strong>rem</strong></span> <span class='ocrx_word' id='word_1_268' title='bbox 1521 2902 1824 2977; x_wconf 80' lang='lat' dir='ltr'><strong>publicam</strong></span> <span class='ocrx_word' id='word_1_269' title='bbox 1848 2916 2182 2977; x_wconf 86' lang='lat' dir='ltr'><strong>capessere</strong></span> <span class='ocrx_word' id='word_1_270' title='bbox 2203 2917 2316 2963; x_wconf 86' lang='lat' dir='ltr'><strong>eas</strong></span> 
     </span>
     <span class='ocr_line' id='line_1_33' title="bbox 353 2985 2316 3061; baseline 0 -16"><span class='ocrx_word' id='word_1_271' title='bbox 353 2985 644 3060; x_wconf 88' lang='lat' dir='ltr'><strong>patimur,</strong></span> <span class='ocrx_word' id='word_1_272' title='bbox 690 2996 749 3045; x_wconf 82' lang='lat' dir='ltr'><strong>et</strong></span> <span class='ocrx_word' id='word_1_273' title='bbox 776 2986 911 3045; x_wconf 80' lang='lat' dir='ltr'><strong>foro</strong></span> <span class='ocrx_word' id='word_1_274' title='bbox 956 3000 1203 3061; x_wconf 88' lang='lat' dir='ltr'><strong>quoque</strong></span> <span class='ocrx_word' id='word_1_275' title='bbox 1235 2992 1295 3046; x_wconf 90' lang='lat' dir='ltr'><strong>et</strong></span> <span class='ocrx_word' id='word_1_276' title='bbox 1325 2985 1709 3046; x_wconf 80' lang='lat' dir='ltr'><strong>contionibus</strong></span> <span class='ocrx_word' id='word_1_277' title='bbox 1740 2993 1801 3048; x_wconf 90' lang='lat' dir='ltr'><strong>et</strong></span> <span class='ocrx_word' id='word_1_278' title='bbox 1830 2985 2088 3046; x_wconf 86' lang='lat' dir='ltr'><strong>comitiis</strong></span> <span class='ocrx_word' id='word_1_279' title='bbox 2119 2985 2316 3045; x_wconf 86' lang='lat' dir='ltr'><strong>immi-</strong></span> 
     </span>
     <span class='ocr_line' id='line_1_34' title="bbox 353 3068 2317 3145; baseline 0.001 -18"><span class='ocrx_word' id='word_1_280' title='bbox 353 3068 530 3127; x_wconf 90' lang='lat' dir='ltr'><strong>sceri.</strong></span> <span class='ocrx_word' id='word_1_281' title='bbox 599 3069 747 3143; x_wconf 91' lang='lat' dir='ltr'><strong>quid</strong></span> <span class='ocrx_word' id='word_1_282' title='bbox 788 3068 947 3128; x_wconf 89' lang='lat' dir='ltr'><strong>enim</strong></span> <span class='ocrx_word' id='word_1_283' title='bbox 989 3082 1154 3128; x_wconf 88' lang='lat' dir='ltr'><strong>nunc</strong></span> <span class='ocrx_word' id='word_1_284' title='bbox 1194 3069 1361 3128; x_wconf 90' lang='lat' dir='ltr'><strong>aliud</strong></span> <span class='ocrx_word' id='word_1_285' title='bbox 1393 3084 1503 3145; x_wconf 91' lang='lat' dir='ltr'><strong>per</strong></span> <span class='ocrx_word' id='word_1_286' title='bbox 1530 3068 1664 3131; x_wconf 85' lang='lat' dir='ltr'><strong>vias</strong></span> <span class='ocrx_word' id='word_1_287' title='bbox 1696 3076 1756 3129; x_wconf 91' lang='lat' dir='ltr'><strong>et</strong></span> <span class='ocrx_word' id='word_1_288' title='bbox 1788 3068 2054 3144; x_wconf 88' lang='lat' dir='ltr'><strong>compita</strong></span> <span class='ocrx_word' id='word_1_289' title='bbox 2083 3070 2317 3129; x_wconf 74' lang='lat' dir='ltr'><strong>faciunt</strong></span> 
     </span>
     <span class='ocr_line' id='line_1_35' title="bbox 354 3152 2316 3229; baseline 0.001 -18"><span class='ocrx_word' id='word_1_290' title='bbox 354 3168 535 3225; x_wconf 89' lang='lat' dir='ltr'><strong>quam</strong></span> <span class='ocrx_word' id='word_1_291' title='bbox 563 3152 942 3229; x_wconf 84' lang='lat' dir='ltr'><strong>rogationem</strong></span> <span class='ocrx_word' id='word_1_292' title='bbox 971 3152 1344 3212; x_wconf 89' lang='lat' dir='ltr'><strong>tribunorum</strong></span> <span class='ocrx_word' id='word_1_293' title='bbox 1379 3153 1541 3227; x_wconf 91' lang='lat' dir='ltr'><strong>plebi</strong></span> <span class='ocrx_word' id='word_1_294' title='bbox 1571 3153 1861 3227; x_wconf 88' lang='lat' dir='ltr'><strong>suadent,</strong></span> <span class='ocrx_word' id='word_1_295' title='bbox 1903 3152 2080 3212; x_wconf 88' lang='lat' dir='ltr'><strong>aliam</strong></span> <span class='ocrx_word' id='word_1_296' title='bbox 2113 3154 2316 3228; x_wconf 86' lang='lat' dir='ltr'><strong>legem</strong></span> 
     </span>
     <span class='ocr_line' id='line_1_36' title="bbox 354 3235 2318 3312; baseline 0.002 -20"><span class='ocrx_word' id='word_1_297' title='bbox 354 3235 765 3308; x_wconf 87' lang='lat' dir='ltr'><strong>abrogandam</strong></span> <span class='ocrx_word' id='word_1_298' title='bbox 812 3242 1104 3298; x_wconf 71' lang='lat' dir='ltr'><strong>censent?</strong></span> <span class='ocrx_word' id='word_1_299' title='bbox 1166 3236 1306 3295; x_wconf 87' lang='lat' dir='ltr'><strong>date</strong></span> <span class='ocrx_word' id='word_1_300' title='bbox 1350 3238 1554 3298; x_wconf 80' lang='lat' dir='ltr'><strong>frenos</strong></span> <span class='ocrx_word' id='word_1_301' title='bbox 1599 3236 1915 3312; x_wconf 89' lang='lat' dir='ltr'><strong>impotenti</strong></span> <span class='ocrx_word' id='word_1_302' title='bbox 1957 3241 2213 3297; x_wconf 82' lang='lat' dir='ltr'><strong>naturae</strong></span> <span class='ocrx_word' id='word_1_303' title='bbox 2251 3243 2318 3296; x_wconf 86' lang='lat' dir='ltr'><strong>et</strong></span> 
     </span>
     <span class='ocr_line' id='line_1_37' title="bbox 346 3316 2313 3395; baseline 0.004 -23"><span class='ocrx_word' id='word_1_304' title='bbox 346 3316 643 3383; x_wconf 56' lang='lat' dir='ltr'><strong>⁴indomito</strong></span> <span class='ocrx_word' id='word_1_305' title='bbox 676 3317 937 3395; x_wconf 84' lang='lat' dir='ltr'><strong>animali,</strong></span> <span class='ocrx_word' id='word_1_306' title='bbox 970 3327 1030 3379; x_wconf 89' lang='lat' dir='ltr'><strong>et</strong></span> <span class='ocrx_word' id='word_1_307' title='bbox 1056 3326 1303 3394; x_wconf 88' lang='lat' dir='ltr'><strong>sperate</strong></span> <span class='ocrx_word' id='word_1_308' title='bbox 1333 3319 1504 3394; x_wconf 87' lang='lat' dir='ltr'><strong>ipsas</strong></span> <span class='ocrx_word' id='word_1_309' title='bbox 1534 3320 1780 3380; x_wconf 89' lang='lat' dir='ltr'><strong>modum</strong></span> <span class='ocrx_word' id='word_1_310' title='bbox 1811 3320 2089 3380; x_wconf 85' lang='lat' dir='ltr'><strong>licentiae</strong></span> <span class='ocrx_word' id='word_1_311' title='bbox 2120 3320 2313 3379; x_wconf 77' lang='lat' dir='ltr'><strong>factu·</strong></span> 
     </span>
     <span class='ocr_line' id='line_1_38' title="bbox 350 3398 2316 3478; baseline 0.006 -26"><span class='ocrx_word' id='word_1_312' title='bbox 350 3410 475 3469; x_wconf 82' lang='lat' dir='ltr'><strong>raS,</strong></span> <span class='ocrx_word' id='word_1_313' title='bbox 490 3398 608 3456; x_wconf 87' lang='lat' dir='ltr'><strong>nisi</strong></span> <span class='ocrx_word' id='word_1_314' title='bbox 627 3414 745 3458; x_wconf 84' lang='lat' dir='ltr'><strong>vos</strong></span> <span class='ocrx_word' id='word_1_315' title='bbox 770 3399 1053 3460; x_wconf 69' lang='lat' dir='ltr'><strong>feceritis</strong></span> <span class='ocrx_word' id='word_1_316' title='bbox 1086 3402 1395 3462; x_wconf 84' lang='lat' dir='ltr'><strong>minimum</strong></span> <span class='ocrx_word' id='word_1_317' title='bbox 1418 3403 1536 3463; x_wconf 83' lang='lat' dir='ltr'><strong>hoc</strong></span> <span class='ocrx_word' id='word_1_318' title='bbox 1561 3419 1772 3464; x_wconf 89' lang='lat' dir='ltr'><strong>eorum</strong></span> <span class='ocrx_word' id='word_1_319' title='bbox 1796 3410 1890 3463; x_wconf 87' lang='lat' dir='ltr'><strong>cst</strong></span> <span class='ocrx_word' id='word_1_320' title='bbox 1914 3418 2074 3478; x_wconf 83' lang='lat' dir='ltr'><strong>quae</strong></span> <span class='ocrx_word' id='word_1_321' title='bbox 2097 3403 2316 3477; x_wconf 85' lang='lat' dir='ltr'><strong>iniquo</strong></span> 
     </span>
     <span class='ocr_line' id='line_1_39' title="bbox 358 3478 2317 3561; baseline 0.006 -28"><span class='ocrx_word' id='word_1_322' title='bbox 358 3478 555 3535; x_wconf 85' lang='lat' dir='ltr'><strong>animo</strong></span> <span class='ocrx_word' id='word_1_323' title='bbox 599 3479 859 3539; x_wconf 75' lang='lat' dir='ltr'><strong>feminae</strong></span> <span class='ocrx_word' id='word_1_324' title='bbox 900 3482 1015 3541; x_wconf 89' lang='lat' dir='ltr'><strong>sibi</strong></span> <span class='ocrx_word' id='word_1_325' title='bbox 1058 3491 1163 3542; x_wconf 87' lang='lat' dir='ltr'><strong>aut</strong></span> <span class='ocrx_word' id='word_1_326' title='bbox 1200 3484 1474 3545; x_wconf 85' lang='lat' dir='ltr'><strong>moribus</strong></span> <span class='ocrx_word' id='word_1_327' title='bbox 1505 3493 1608 3546; x_wconf 88' lang='lat' dir='ltr'><strong>aut</strong></span> <span class='ocrx_word' id='word_1_328' title='bbox 1636 3487 1870 3561; x_wconf 86' lang='lat' dir='ltr'><strong>legibus</strong></span> <span class='ocrx_word' id='word_1_329' title='bbox 1901 3486 2169 3547; x_wconf 81' lang='lat' dir='ltr'><strong>iniuncta</strong></span> <span class='ocrx_word' id='word_1_330' title='bbox 2202 3501 2317 3560; x_wconf 85' lang='lat' dir='ltr'><strong>pa—</strong></span> 
     </span>
    </p>
   </div>
  </div>
 </body>
</html>
