2548 3950
396 205 519 271 106
661 206 891 266 LIBER
917 203 1181 264 XXX111.
1230 203 1395 264 οΑΡ.
1426 209 1514 264 27.
1543 211 1631 266 28.
1677 202 1826 279 [ιιι
1830 223 1923 259 ‚c
1948 203 2076 280 556]

392 374 543 437 prae
572 373 641 420 se
670 353 803 417 auri
831 353 994 416 mille
1022 361 1082 415 et
1111 352 1446 431 quingenta
1476 350 1827 429 quindecim
1851 353 2086 429 pondo,
2115 351 2365 430 argenti

392 440 605 517 viginti
634 438 829 514 milia,
875 437 1099 515 signati
1139 437 1459 499 denarium
1496 435 1743 513 triginta
1783 443 2071 513 quattuor
2099 436 2272 498 milia
2301 446 2362 499 et

390 525 764 602 quingentos
790 521 1250 599 quinquaginta.
1280 521 1348 581 L.
1365 520 1690 584 Stertinius
1715 537 1797 583 ex
1817 520 2109 582 ulteriore
2130 520 2361 598 Hispa-

390 609 510 683 nia,
544 625 623 670 ne
649 614 941 704 temptata
970 605 1219 704 quidem
1239 604 1529 682 triumphi
1551 621 1684 682 spe,
1711 603 2163 682 quinquaginta
2189 605 2362 665 milia

388 693 603 771 pondo
644 690 882 768 argenti
908 689 973 751 in
1002 690 1307 752 aerarium
1347 689 1574 760 intulit;
1619 697 1681 751 et
1718 689 1800 752 de
1839 687 2150 750 manubiis
2193 685 2358 750 duos

390 776 661 843 fornices
701 775 765 837 in
808 776 942 836 foro
981 773 1248 838 Bovario
1291 783 1435 836 ante
1472 762 1745 835 Fortuna
1780 773 1999 835 aedem
2040 780 2103 834 et
2142 772 2358 834 matris

386 861 691 934 Matutae,
731 874 920 920 unum
962 858 1025 918 in
1065 857 1333 920 maximo
1365 857 1530 920 circo
1560 856 1734 933 fecit,
1775 863 1838 919 et
1873 856 1972 919 his
2012 855 2356 919 fornicibus

391 945 570 1022 signa
598 951 810 1006 aurata
838 941 1151 1019 imposuit.
1207 943 1364 1004 haec
1391 959 1505 1018 per
1530 940 1794 1003 hiemem
1820 942 2013 1003 ferme
2041 949 2202 1003 acta.

558 1027 935 1090 Hibernabat
974 1042 1049 1088 eo
1091 1033 1371 1103 tempore
1407 1024 1642 1087 Elatiae
1668 1027 1736 1086 T.
1765 1024 2116 1101 Quinctius,
2158 1041 2198 1086 a
2231 1042 2354 1101 quo

390 1129 533 1175 cum
561 1113 748 1173 multa
774 1108 930 1172 socii
954 1117 1249 1184 peterent,
1280 1109 1500 1173 Boeoti
1520 1109 1827 1185 petierunt
1847 1109 2356 1186 impetraverunt-

392 1213 547 1274 que,
590 1203 657 1256 ut
697 1191 803 1270 qui
846 1209 997 1255 suae
1037 1192 1239 1269 gentis
1266 1192 1635 1256 militassent
1662 1195 1830 1270 apud
1855 1192 2203 1270 Philippum
2237 1191 2356 1254 sibi

388 1278 871 1342 restituerentur.
936 1276 1001 1338 id
1029 1294 1069 1338 a
1098 1276 1377 1352 Quinctio
1408 1276 1588 1338 facile
1614 1277 2018 1354 impetratum,
2049 1293 2176 1340 non
2209 1275 2356 1354 quia

390 1363 546 1428 satis
588 1362 811 1440 dignos
853 1378 964 1423 eos
1009 1361 1332 1435 credebat,
1375 1361 1491 1424 sed
1519 1361 1666 1437 quia
1689 1360 2000 1424 Antiocho
2041 1377 2194 1438 rege
2233 1361 2357 1421 iam

392 1455 686 1525 suspecto
731 1449 912 1509 favor
948 1445 1374 1508 conciliandus
1415 1445 1645 1508 nomini
1683 1447 1964 1508 Romano
2003 1445 2176 1522 apud
2205 1443 2354 1506 civi-

389 1540 549 1594 tates
572 1540 720 1593 erat.
802 1528 1102 1592 restitutis
1142 1529 1220 1592 iis
1262 1529 1588 1593 confestim
1629 1529 1915 1607 apparuit
1957 1546 2146 1607 quam
2186 1529 2354 1590 nulla

386 1615 539 1676 inita
567 1615 737 1690 apud
765 1614 1037 1676 Boeotos
1067 1613 1263 1690 gratia
1291 1621 1479 1676 esset.
1532 1630 1675 1675 nam
1698 1621 1762 1675 et
1785 1614 1866 1674 ad
1891 1612 2243 1690 Philippum
2269 1614 2353 1674 le-

390 1707 569 1774 gatos
597 1695 827 1774 gratias
856 1705 1113 1773 agentes
1142 1697 1202 1758 ei
1229 1714 1344 1772 pro
1373 1697 1631 1760 redditis
1671 1696 2053 1773 hominibus,
2091 1697 2353 1774 perinde

385 1790 578 1858 atque
602 1779 762 1858 ipsis
789 1777 867 1840 iis
898 1788 962 1841 et
987 1797 1111 1842 non
1133 1779 1414 1855 Quinctio
1444 1789 1507 1843 et
1531 1781 1825 1844 Romanis
1846 1781 1911 1842 id
1930 1782 2142 1844 datum
2162 1788 2350 1852 esset,

392 1864 718 1938 miserunt,
772 1871 833 1924 et
872 1863 1133 1926 comitiis
1184 1863 1485 1940 proximis
1523 1865 1952 1928 Boeotarchen
1993 1867 2076 1928 ob
2120 1867 2352 1926 nullam

388 1949 572 2013 aliam
586 1964 839 2011 causam
848 1948 1239 2027 Brachyllam
1255 1950 1580 2026 quendam,
1614 1967 1798 2027 quam
1814 1949 1984 2027 quod
1996 1952 2351 2028 praefectus

386 2034 765 2096 Boeotorum
814 2034 983 2108 apud
1030 2048 1238 2109 regem
1295 2032 1674 2096 militantium
1736 2034 1987 2108 fuisset,
2053 2036 2352 2109 fecerunt,

386 2116 737 2196 praeteritis
762 2116 1089 2193 Zeuxippo
1119 2126 1182 2179 et
1206 2116 1522 2180 Pisistrato
1554 2118 1846 2197 aliisque,
1888 2118 1993 2196 qui
2031 2121 2350 2181 Romanae

390 2202 708 2266 societatis
748 2208 1034 2264 auctores
1063 2203 1322 2263 fuerant.
1405 2202 1471 2263 id
1510 2218 1695 2279 aegre
1722 2210 1786 2265 et
1811 2202 1875 2264 in
1902 2204 2262 2280 praesentia
2289 2201 2352 2263 hi

385 2286 584 2365 passi,
614 2285 763 2350 etin
796 2289 1063 2349 futurum
1092 2286 1274 2348 etiam
1301 2294 1528 2348 metum
1557 2295 1883 2363 ceperunt:
1926 2303 2067 2350 cum
2093 2288 2177 2348 ad
2206 2304 2350 2364 por-

384 2382 483 2434 tas
515 2387 711 2449 prope
739 2372 995 2433 sedente
1025 2370 1302 2432 exercitu
1325 2372 1604 2433 Romano
1646 2386 1723 2433 ea
1763 2372 2008 2444 fierent,
2055 2370 2350 2448 quidnam

390 2472 461 2517 se
489 2457 759 2516 futurum
788 2471 933 2516 esse
960 2454 1259 2530 profectis
1281 2454 1344 2515 in
1365 2455 1600 2517 Italiam
1618 2455 1933 2534 Romanis,
1959 2454 2249 2532 Philippo
2273 2472 2351 2516 ex

384 2537 742 2614 propinquo
775 2536 985 2599 socios
1015 2536 1376 2613 adiuvante,
1419 2548 1482 2602 et
1518 2538 1743 2601 infesto
1773 2539 1850 2601 iis
1881 2539 1990 2616 qui
2017 2539 2211 2616 partis
2244 2540 2350 2600 ad-

387 2636 612 2682 versae
642 2619 923 2681 fuissent.
1006 2622 1276 2683 XXVIII.
1319 2625 1464 2685 dum
1490 2623 1769 2686 Romana
1806 2641 1976 2685 arma
2003 2623 2066 2685 in
2095 2622 2349 2701 propin-

391 2720 515 2781 quo
557 2704 883 2777 haberent,
938 2706 1149 2767 tollere
1189 2707 1609 2787 Brachyllem,
1661 2707 2002 2785 principem
2043 2711 2350 2770 fautorum

384 2786 583 2863 regis,
615 2796 975 2851 statuerunt.
1047 2798 1111 2851 et
1137 2798 1415 2865 tempore
1443 2793 1522 2853 ad
1551 2808 1687 2853 eam
1713 2808 1844 2854 rem
1872 2801 2086 2870 capto,
2118 2808 2260 2855 cum
2289 2790 2350 2852 in

388 2870 637 2951 publico
682 2874 966 2947 epulatus
1006 2882 1416 2937 reverteretur
1456 2878 1705 2938 domum
1732 2877 2102 2940 temulentus
2130 2893 2351 2953 prose-

384 2956 716 3035 quentibus
745 2954 1033 3020 mollibus
1060 2956 1213 3020 viris
1230 3004 1246 3031 ,
1297 2960 1404 3034 qui
1429 2959 1553 3022 ioci
1583 2976 1772 3041 causa
1801 2960 2088 3023 convivio
2120 2958 2350 3022 celebri

381 3042 803 3115 interfuerant,
833 3041 912 3103 ab
942 3057 1057 3103 sex
1084 3042 1334 3105 armatis
1349 3090 1366 3118 ,
1398 3061 1659 3121 quorum
1689 3054 1813 3107 tres
1841 3044 2036 3107 Italici
2069 3053 2198 3106 tres
2225 3046 2348 3106 Ae·

380 3125 497 3188 toli
524 3134 715 3200 erant,
748 3126 1203 3189 circumventus
1234 3126 1554 3191 occiditur.
1623 3130 1771 3205 fuga
1802 3128 2092 3190 comitum
2121 3136 2187 3189 et
2215 3126 2346 3203 qui-

384 3208 587 3272 ritatio
629 3212 819 3285 facta,
870 3218 931 3272 et
957 3212 1250 3273 tumultus
1278 3228 1394 3289 per
1423 3219 1608 3274 totam
1632 3214 1847 3275 urbem
1876 3210 2348 3274 discurrentium

386 3309 528 3352 cum
566 3292 919 3354 luminibus.
1000 3311 1410 3372 percussores
1451 3295 1736 3372 proxima
1777 3305 1957 3373 porta
1995 3303 2347 3358 evaserunt.

388 3378 525 3433 luce
556 3374 753 3449 prima
782 3377 985 3438 contio
1017 3380 1312 3454 frequens
1339 3381 1508 3443 velut
1535 3397 1616 3441 ex
1643 3388 1785 3443 ante
1805 3380 2037 3444 indicto
2059 3388 2167 3442 aut
2189 3394 2350 3442 voce

390 3455 717 3526 praeconis
749 3469 1091 3521 convocata
1119 3461 1179 3521 in
1213 3462 1448 3523 theatro
1480 3473 1626 3525 erat.
1670 3464 1872 3538 palam
1900 3466 1978 3526 ab
2009 3480 2124 3527 suo
2157 3461 2347 3525 comi-
