2548 3950
599 200 830 261 LlBER
859 201 1128 270 xxxin.
1162 201 1329 262 CAP.
1358 211 1411 263 7.
1441 209 1497 268 8.
1537 207 1613 279 [a.
1644 208 1711 262 c.
1748 211 1873 280 197]
2132 211 2214 274 89

232 360 506 424 meoet,
537 368 764 429 magna
792 360 971 429 parte
999 351 1317 414 hominum
1346 355 1547 417 omnis
1576 356 1825 433 generis
1856 359 2217 434 pabulatum

231 439 433 502 missa
459 437 844 513 aliquamdiu
871 436 1058 514 inops
1091 436 1335 499 consilii
1356 441 1729 516 trepidavit;
1782 441 2012 504 deinde
2042 451 2217 520 post-

237 539 428 600 quam
472 519 671 588 nuntii
719 521 1061 594 instabant,
1103 527 1172 583 et
1205 520 1329 582 iam
1374 521 1517 600 iuga
1556 524 1856 590 montium
1895 527 2221 594 detexerat

233 609 486 679 nebula,
515 604 670 670 etin
702 611 1046 682 conspectu
1077 612 1256 667 erant
1269 606 1651 670 Macedones
1681 608 1744 669 in
1771 612 2073 672 tinnulum
2093 627 2219 673 ma·

233 692 408 752 xime
445 688 685 750 editum
723 689 884 752 inter
925 689 1086 750 alios
1131 691 1473 766 compulsi,
1510 694 1658 753 'loco
1702 709 1776 754 se
1804 693 2001 770 magis
2030 711 2218 770 quam

236 775 432 837 armis
463 779 775 846 tutantes,
805 773 1311 834 committendam
1340 791 1545 836 rerum
1576 793 1883 844 summam
1913 777 1974 838 in
2007 778 2221 841 discri-

231 875 381 920 men
415 863 754 932 utcumque
783 863 955 918 ratus
969 902 988 930 ,
1018 873 1099 918 ne
1121 856 1329 932 partis
1358 859 1726 922 indefensae
1754 862 1991 922 iactura
2016 861 2219 936 fieret,

235 942 704 1026 Athenagoram
743 941 968 1002 ducem
1009 942 1303 1002 mercede
1346 942 1728 1004 militantium
1760 961 1901 1005 cum
1933 945 2217 1007 omnibus

235 1034 488 1104 praeter
515 1025 786 1086 Thracas
811 1022 1062 1086 auxiliis
1087 1031 1158 1086 et
1185 1025 1463 1101 equitatu
1489 1026 1901 1091 Macedonum
1930 1044 2007 1088 ae
2028 1029 2192 1092 Thes

237 1113 516 1172 saiorum
549 1108 744 1171 mittit.
805 1124 1022 1176 eorum
1059 1109 1330 1171 adventu
1370 1110 1619 1187 depulsi
1662 1113 1743 1173 ab
1782 1112 1927 1188 iugo
1957 1113 2205 1184 Roman

236 1212 368 1256 non
391 1201 538 1254 ante
559 1192 920 1258 restiterunt
943 1192 1212 1268 miamin
1237 1193 1582 1268 planiorem
1596 1199 1821 1258 vallem
1846 1205 2217 1272 perventum

237 1285 358 1340 est.
425 1293 506 1338 ne
547 1276 750 1338 effusa
793 1277 1270 1338 detruderentur
1296 1279 1476 1352 stiga,
1524 1279 1850 1354 plurimum
1880 1280 1942 1341 in
1971 1282 2217 1349 Aetolis

240 1360 554 1438 equitibus
593 1359 888 1438 praesidii
925 1359 1061 1420 fuit.
1130 1361 1188 1420 is
1219 1362 1415 1436 longe
1454 1369 1581 1422 tum
1614 1362 1886 1439 optimus
1928 1379 2126 1437 eques
2154 1365 2220 1424 in

242 1444 504 1508 Graecia
524 1452 692 1506 erat:
726 1442 938 1520 pedite
955 1442 1118 1504 inter
1138 1442 1432 1506 finitimos
1455 1445 1881 1509 vincebantur.
1907 1446 2066 1511 vm.
2092 1447 2220 1508 lae*

239 1529 363 1592 tior
396 1544 503 1589 res
547 1544 732 1604 quam
783 1543 896 1603 pro
935 1541 1244 1588 successu
1287 1544 1539 1604 pugnae
1572 1528 1875 1604 nuntiata,
1930 1545 2071 1592 cum
2112 1529 2217 1593 alii

241 1629 432 1689 super
477 1612 634 1673 alios
682 1617 1077 1672 recurrentes
1109 1625 1189 1671 ex
1218 1613 1460 1686 proelio
1492 1615 1832 1680 clamarent
1862 1616 2083 1691 fugere
2112 1631 2218 1690 pa-

240 1697 428 1758 vidos
463 1697 804 1770 Romanos,
839 1693 1099 1758 invitum
1129 1701 1194 1755 et
1216 1698 1711 1758 cunctabundum
1736 1706 1803 1758 et
1830 1697 2218 1759 dicentem*

239 1791 473 1843 temere
503 1777 658 1860 fieri,
688 1795 812 1840 non
842 1781 1048 1840 locum
1071 1776 1471 1856 sibiplaeere,
1488 1797 1613 1849 non
1638 1786 1907 1858 tempus,
1930 1781 2217 1861 perp-ulit,

237 1872 306 1927 ut
347 1864 644 1926 educeret
683 1877 904 1923 omnes
941 1860 1158 1938 copias
1197 1865 1258 1922 in
1303 1863 1522 1928 aei-em.
1574 1864 1739 1924 idem
1779 1871 1846 1925 et
1872 1867 2216 1938 Romanus,

238 1948 436 2027 magis
465 1946 842 2011 necessitate
869 1961 1053 2023 quam
1079 1945 1417 2009 occasione
1441 1963 1689 2025 pugnae
1717 1947 2029 2025 inductae,
2050 1948 2215 2016 fecit.

241 2034 530 2095 dextrum
556 2048 748 2092 cornu
765 2026 1104 2105 elephantis
1127 2037 1272 2093 ante
1293 2032 1475 2109 signa
1494 2032 1811 2098 instructis
1836 2033 1896 2095 in
1919 2033 2217 2098 subsidiis

241 2116 520 2196 reliqum
575 2117 758 2177 laevo
789 2131 928 2176 eum
963 2114 1132 2175 omni
1165 2114 1288 2175 levi
1318 2124 1624 2180 armatura
1653 2115 1712 2177 in
1742 2117 1986 2179 hostem
2022 2117 2213 2183 vadit.

243 2200 427 2262 simul
479 2200 822 2261 admonens
873 2212 1011 2259 cum
1065 2197 1268 2277 isdem
1318 2199 1762 2260 Macedonibus
1808 2206 2213 2276 pugnaturae,

244 2299 406 2361 quos
435 2284 519 2345 ad
560 2282 730 2359 Epiri
769 2285 1018 2354 fauces,
1063 2282 1378 2344 montibus
1420 2282 1905 2358 fluminibusque
1936 2290 2213 2359 saeptos,

241 2369 407 2430 vieta
437 2366 697 2429 naturali
719 2367 1086 2430 difficultate
1103 2368 1386 2431 locorum
1416 2364 1806 2442 expulissent
1826 2364 2087 2442 acieque
2112 2383 2216 2428 ex-

244 2458 662 2529 pugnassent3
707 2468 845 2513 cum
877 2450 986 2523 iis,
1026 2465 1192 2525 quos
1232 2450 1300 2511 P.
1338 2448 1597 2527 Sulpicii
1628 2448 1800 2525 prius
1830 2450 2021 2511 ductu
2050 2448 2217 2511 obsi·

245 2537 471 2597 dentes
501 2537 560 2595 in
589 2536 936 2597 Eordaeam
965 2532 1198 2595 aditum
1232 2533 1549 2598 vicissent.
1590 2536 1755 2595 fama
1784 2534 2054 2607 stetisse,
2088 2550 2215 2597 non

242 2618 482 2693 viribus
493 2618 899 2681 Macedoniae
926 2633 1204 2692 regn-um.
1257 2634 1397 2678 eam
1427 2634 1680 2695 quoque
1710 2620 1933 2681 famam
1966 2619 2216 2681 tandem

244 2702 600 2765 evanuisse.
659 2702 778 2765 iam
824 2709 1191 2778 perventum
1225 2702 1308 2761 ad
1346 2718 1502 2765 suos
1544 2702 1758 2763 inimo
1785 2704 1949 2765 valle
1978 2708 2215 2767 stantes

243 2792 394 2862 erat,
423 2789 527 2862 qut
553 2784 1160 2849 adventu'exercitus
1189 2785 1707 2869 imperatorisque
1738 2802 2007 2863 pugnam
2036 2801 2215 2847 reno·

243 2878 424 2944 vent,
454 2872 808 2949 impetuque
835 2872 1000 2932 facto
1029 2886 1252 2931 rursus
1281 2878 1567 2934 avertunt
1592 2871 1855 2933 hostem.
1894 2870 2214 2947 Philippus

243 2970 384 3015 eum
419 2956 707 3016 caetratis
739 2962 802 3016 et
845 2970 1041 3015 cornu
1069 2954 1295 3015 dextro
1323 2954 1631 3030 peditum,
1672 2954 1903 3016 robore
1924 2952 2215 3013 Macedo·

242 3038 364 3098 nicl
395 3038 738 3112 exercitus,
788 3054 971 3114 quam
1003 3036 1367 3113 phalangem
1400 3038 1735 3109 vocabant,
1782 3051 1980 3112 prope
2024 3050 2213 3095 cursu

244 3122 324 3182 ad
353 3121 599 3183 hostem
629 3122 829 3183 vaditz
859 3121 1143 3183 Nicanori
1173 3136 1252 3181 ex
1273 3122 1630 3197 purpuratis
1662 3118 1785 3195 uni,
1817 3124 1886 3179 ut
1908 3132 2045 3178 cum
2074 3115 2213 3177 reli·
2323 3152 2328 3159 ·

246 3206 385 3281 quis
412 3205 608 3291 copiis
627 3204 949 3267 confestim
972 3212 1291 3281 sequatur,
1306 3204 1586 3279 imperat.
1610 3202 1807 3279 primo
1832 3207 1901 3261 ut
1918 3199 1980 3261 in
2002 3200 2212 3276 iugum

245 3288 477 3365 evasit,
520 3297 582 3351 et
622 3289 963 3352 iacentibus
993 3288 1078 3349 ibi
1105 3288 1325 3369 paucis
1353 3287 1539 3348 armis
1568 3284 2074 3362 corporibusque
2100 3284 2211 3345 ho·

246 3373 423 3435 stium
448 3374 746 3451 proelium
774 3390 850 3435 co
874 3376 1014 3435 loco
1046 3370 1240 3433 ruisse
1267 3373 1615 3448 pulsosque
1642 3369 1785 3431 inde
1798 3370 2116 3431 Romanos
2148 3372 2213 3428 et

247 3456 516 3535 pugnari
557 3472 756 3536 prope
793 3466 991 3519 eastra
1041 3454 1310 3519 hostium
1354 3456 1533 3532 vidit,
1578 3452 1805 3531 ingenti
1844 3452 2071 3531 gaudio
2114 3458 2212 3513 est
