2548 3950
637 236 866 298 LIBER
891 238 1130 300 XXXV.
1173 238 1337 299 CAP.
1363 247 1416 301 9.
1442 250 1529 301 ιο.
1574 246 1649 314 [ι.
1671 246 1736 300 ο.
1762 244 1885 315 193]
2111 242 2235 307 183

273 390 436 452 locis
465 390 546 451 de
577 392 748 453 caelo
777 398 994 452 tactus.
1040 400 1100 452 et
1121 392 1365 475 Ariciae
1392 399 1454 453 et
1472 393 1727 453 Lanuvii
1756 402 1817 455 et
1845 395 1903 454 in
1929 396 2235 459 Aventino

273 474 586 549 lapidibus
611 475 836 549 pluvit3
882 483 942 536 et
961 492 1000 535 a
1023 474 1230 551 Capua
1252 477 1589 536 nuntiatum
1612 485 1709 538 est
1728 492 1987 538 examen
2012 494 2233 555 vespa-

272 574 410 621 rum
452 557 668 633 ingens
715 558 778 618 in
808 560 1006 621 forum
1049 560 1379 621 advolasse
1408 566 1468 621 et
1496 559 1559 620 in
1586 559 1797 622 Martis
1831 563 1987 622 aede
2015 577 2234 624 conse-

269 641 476 703 disse:
520 655 629 703 eas
664 641 952 704 collectas
996 658 1134 703 cum
1177 658 1325 704 cura
1351 651 1413 704 et
1436 644 1561 719 igni
1590 650 1889 705 crematas
1918 661 2081 707 esse.
2120 648 2223 709 ho—

268 742 408 785 rum
447 725 868 801 prodigiorum
910 742 1102 787 causa
1141 727 1473 787 decemviri
1510 729 1702 789 libros
1746 728 1917 789 adire
1946 730 2130 805 iussi,
2173 737 2237 791 et

268 809 658 871 novemdiale
680 824 921 871 sacrmn
946 812 1188 883 facturn,
1214 816 1277 871 et
1296 811 1665 886 supplicatio
1686 812 1914 873 indicta
1934 820 2031 874 est
2051 820 2235 889 atque

265 894 419 954 urbs
449 893 720 955 lustrata.
765 894 982 955 iisdem
1011 894 1229 955 diebus
1258 894 1597 955 aediculam
1623 895 1935 957 Victoriae
1960 898 2233 973 Virginis

269 992 472 1053 prope
499 978 717 1039 aedem
743 978 1056 1040 Victoriae
1081 978 1162 1037 Μ.
1193 976 1449 1039 Porcius
1480 979 1624 1040 Cato
1656 979 1962 1039 dedicavit
1982 978 2229 1042 biennio

264 1068 414 1137 post
443 1076 625 1135 quam
656 1062 839 1123 vovit.

435 1144 671 1205 Eodem
712 1162 876 1207 anno
919 1146 1220 1207 colomam
1251 1145 1523 1207 Latinam
1570 1147 1631 1207 in
1668 1152 1935 1208 castrum
1960 1148 2228 1209 Ferenti-

263 1244 413 1288 num
442 1229 734 1288 triumviri
764 1230 1147 1290 deduxerunt
1175 1230 1280 1291 Cn.
1310 1228 1571 1291 Manlius
1600 1231 1799 1293 Vulso
1828 1232 1894 1291 L.
1924 1232 2227 1307 Apustius

261 1312 442 1373 Fullo
474 1311 542 1386 Q.
572 1314 784 1373 Aelius
811 1312 1069 1387 Tubero,
1113 1314 1293 1374 cuius
1318 1316 1457 1389 leg-e
1487 1314 1922 1376 deducebatur.
1974 1316 2091 1377 tria
2118 1317 2227 1376 mi-

261 1396 348 1456 lia
387 1396 661 1473 peditum
705 1396 860 1470 iere,
906 1398 1160 1457 trecenti
1185 1398 1457 1473 equites,
1500 1414 1791 1459 numerus
1821 1400 2081 1473 exiguus
2112 1416 2228 1475 pro

260 1480 452 1555 copia
490 1480 637 1555 agri.
690 1481 821 1541 dari
849 1488 1105 1557 potuere
1141 1480 1372 1541 tricena
1400 1482 1612 1557 iugera
1637 1482 1699 1541 in
1726 1482 1999 1557 pedites,
2044 1498 2225 1543 sexa-

259 1579 427 1639 gena
453 1565 512 1623 in
543 1565 801 1640 equites.
864 1566 1128 1640 Apustio
1157 1570 1405 1625 auctore
1434 1566 1612 1625 tertia
1638 1581 1787 1641 pars
1816 1566 1947 1641 agri
1976 1566 2227 1643 dempta

259 1655 393 1722 est,
442 1665 562 1723 quo
611 1655 861 1723 postea,
913 1650 966 1708 si
1015 1648 1266 1722 vellent,
1320 1664 1517 1709 novos
1568 1649 1827 1711 colonos
1870 1650 2225 1711 adscribere

258 1739 538 1808 possent.
603 1732 823 1792 vicena
863 1732 1074 1808 iugera
1114 1732 1355 1808 pedites
1371 1778 1388 1806 ,
1432 1732 1829 1810 quadragena
1856 1734 2093 1810 equites
2123 1750 2223 1794 ac-

258 1822 580 1891 ceperunt.

433 1900 504 1961 X.
560 1900 628 1959 In
656 1898 822 1960 exitu
861 1898 982 1959 iam
1019 1914 1216 1961 annu-s
1245 1907 1407 1975 erat,
1450 1906 1512 1961 et
1537 1900 1785 1962 ambitio
1812 1901 2009 1977 magis
2042 1917 2445 1977 quamn-u..

261 1995 556 2060 amquam
597 1985 758 2045 alias·
788 1992 1105 2046 exarserat
1146 1985 1575 2046 consularibus
1619 1984 1899 2046 comitiis.
1964 1987 2135 2045 multi
2166 1992 2227 2046 et

249 2074 550 2144 potentes
602 2069 890 2144 petebant
937 2068 1172 2145 patricii
1214 2067 1591 2144 plebeiique,
1645 2069 1713 2128 P.
1758 2069 2072 2130 Cornelius
2118 2068 2221 2128 Cn.

259 2151 428 2212 filius
459 2151 686 2228 Scipio,
732 2153 836 2228 qui
865 2169 944 2213 ex
972 2151 1268 2226 Hispania
1296 2152 1614 2226 provincia
1643 2169 1840 2228 nuper
1871 2154 2227 2213 decesserat

257 2238 504 2311 magnis
527 2236 714 2296 rebus
735 2237 945 2312 gestis,
975 2243 1037 2298 et
1057 2236 1122 2295 L.
1150 2234 1465 2309 Quinctius
1485 2234 1877 2308 FlamininuS,
1912 2236 2015 2310 qui
2039 2235 2225 2296 classi

259 2321 323 2381 in
359 2319 614 2382 Graecia
651 2321 1029 2396 praefuerat,
1073 2327 1134 2381 et
1174 2319 1278 2379 Cn.
1307 2317 1569 2378 Manlius
1609 2320 1843 2387 Vulso;
1886 2319 1928 2378 ii
1967 2318 2223 2392 patricii,

258 2404 489 2482 plebeii
511 2412 711 2465 autem
732 2405 794 2466 C.
817 2403 1079 2476 LaeliuS,
1103 2403 1208 2464 Gn.
1231 2402 1551 2476 DomitiuS,
1578 2400 1641 2462 C.
1664 2402 1873 2462 Livius
1898 2401 2222 2474 Salinator,

258 2483 364 2550 Μ’.
388 2488 638 2549 Acilius.
680 2487 795 2550 sed
825 2488 1092 2549 omnium
1121 2487 1285 2550 oculi
1305 2487 1366 2546 in
1392 2485 1732 2560 Quinctium
1756 2485 2225 2562 Corneliumque

261 2571 556 2634 coniecti=
612 2589 750 2632 nam
793 2578 853 2632 et
880 2572 942 2631 in
976 2587 1164 2634 unum
1204 2572 1407 2632 locum
1438 2570 1725 2646 petebant
1756 2571 1939 2632 ambo
1969 2570 2225 2645 patricii,

255 2664 326 2717 et
350 2656 439 2715 rei
469 2656 741 2716 militaris
765 2656 964 2732 gloria
989 2671 1210 2716 recens
1237 2662 1565 2730 utrumque
1594 2655 2079 2716 commendabat.
2124 2669 2223 2714 ce-

255 2748 458 2802 terum
499 2747 639 2801 ante
669 2741 872 2801 omnia
901 2749 1206 2802 certamen
1234 2736 1657 2802 accendebant
1684 2740 1903 2801 fratres
1934 2738 2223 2800 candida·
2281 2797 2300 2814 ‚

257 2832 492 2898 torum,
544 2825 668 2886 duo
719 2824 1039 2885 clarissimi
1088 2824 1303 2886 aetatis
1345 2839 1497 2885 suae
1535 2825 1957 2900 imperatores.
2031 2822 2224 2884 maior

255 2908 459 2984 gloria
486 2907 546 2966 in
575 2908 640 2968 Ρ.
673 2906 981 2984 Scipione,
1011 2915 1074 2969 et
1103 2924 1226 2985 quo
1256 2909 1481 2982 maior,
1504 2923 1581 2969 eo
1611 2909 1866 2985 propior
1896 2907 2221 2975 invidiam;

257 2991 524 3068 Quinctii
551 2993 885 3066 recentior,
925 2999 993 3054 ut
1021 2993 1126 3068 qui
1154 3008 1230 3054 eo
1260 3009 1422 3053 anno
1452 2992 1905 3068 triumphasset.
1964 2989 2221 3050 accede-

255 3077 366 3137 bat
407 3075 577 3152 quod
618 3077 769 3136 alter
815 3076 1119 3137 decimum
1159 3077 1281 3135 iam
1321 3090 1517 3151 prope
1555 3091 1779 3136 annum
1821 3074 2121 3134 adsiduus
2161 3072 2222 3131 in

257 3159 460 3222 ocusss
487 3160 800 3233 hominum
829 3160 1040 3235 fuerat,
1072 3173 1234 3234 quae
1258 3173 1363 3218 res
1393 3159 1593 3218 minus
1623 3157 1932 3218 verendos
1962 3171 2221 3230 magnos

257 3243 542 3306 homines
571 3243 709 3320 ipsa
739 3243 1014 3305 satietate
1045 3244 1220 3312 facit3
1266 3243 1484 3303 consul
1512 3241 1729 3301 iterum
1752 3243 1896 3315 post
1918 3239 2223 3300 devictum

255 3327 663 3388 Hannibalem
694 3341 1041 3405 censorque
1070 3327 1295 3387 fuerat:
1333 3327 1393 3384 in
1426 3323 1701 3400 Quinctio
1732 3339 1897 3386 nova
1922 3331 1984 3385 et
2010 3337 2223 3383 recen-

255 3414 345 3474 tia
383 3413 589 3472 omnia
629 3413 708 3472 ad
747 3411 1002 3488 gratiam
1043 3417 1247 3480 erant;
1300 3409 1443 3469 nihil
1487 3422 1603 3468 nec
1638 3409 1896 3484 petierat
1922 3424 1959 3468 a
1990 3407 2223 3483 populo

257 3502 408 3573 post
447 3495 818 3572 triumphum
860 3511 973 3556 nec
1017 3496 1278 3571 adeptus
1320 3499 1465 3554 erat.
1531 3507 1643 3568 pro
1686 3493 1871 3554 fratre
1912 3506 2223 3568 germano,
