2548 3950
551 258 782 320 LIBER
801 243 1014 318 XXXIL
1057 260 1218 321 CAP.
1254 268 1339 321 34.
1364 269 1452 323 35.
1472 269 1560 323 36.
1604 264 1671 340 [a.
1700 264 1915 341 0200]
2118 263 2197 326 31

238 420 391 486 erat,
421 418 488 471 ut
514 411 591 470 iis
622 409 820 486 copiis
849 426 997 471 suas
1028 419 1295 486 augeret,
1324 411 1603 472 Pleurato
1633 413 2059 489 Dardanisque
2087 415 2203 475 iter

235 497 300 556 in
329 493 756 556 Macedoniam
798 493 1102 568 patefecit.
1166 495 1305 568 ipse
1348 509 1486 554 cum
1515 495 1723 570 viginti
1751 496 1994 558 milibus
2028 500 2195 573 pedi-

236 587 385 653 tum,
417 584 703 652 quattuor
731 577 1019 652 equitum,
1051 576 1325 637 ducibus
1344 577 1673 652 transfugis
1698 580 1773 638 ad
1796 579 2033 640 hostem
2056 597 2194 655 pro-

237 663 458 737 fectus,
483 663 668 736 paulo
692 662 833 736 plus
855 660 1018 719 mille
1041 675 1269 734 passus
1293 677 1331 720 a
1354 661 1570 723 castris
1592 663 1884 723 Romanis
1908 665 2199 724 tumulum

239 745 662 822 propinquum
687 743 926 804 Athaco
969 743 1144 804 fossa
1184 759 1258 802 ac
1287 746 1449 806 vallo
1485 745 1905 815 communivit;
1948 763 2023 806 ac
2053 747 2195 808 sub·

237 830 400 890 iecta
442 842 700 888 cerneus
729 829 1006 887 Romana
1047 832 1276 900 castra,
1320 828 1653 889 admiratus
1696 843 1839 888 esse
1882 830 2101 890 dicitur
2140 838 2201 890 et

237 913 593 972 universam
632 910 904 986 speciem
946 915 1285 970 castrorum
1316 916 1378 969 et
1404 910 1713 985 descripta
1752 911 1883 972 suis
1914 928 2199 989 quaeque

238 995 520 1073 partibus
566 1009 703 1054 cum
731 992 1106 1054 tendentium
1137 992 1353 1053 ordine
1382 999 1505 1054 tum
1539 994 1817 1058 itinerum
1843 996 2196 1070 intervalliS,

237 1085 300 1140 et
328 1093 596 1153 negasse
623 1077 1021 1137 barbarorum
1050 1092 1123 1136 ea
1147 1083 1348 1136 castra
1368 1077 1474 1137 ulli
1492 1077 1687 1136 videri
1709 1094 1918 1153 posse.
1947 1078 2199 1140 biduum

239 1161 462 1223 consul
491 1168 553 1221 et
578 1175 722 1233 rex,
753 1162 905 1221 alter
933 1160 1180 1221 alterius
1211 1166 1469 1220 conatus
1498 1167 1962 1236 exspectantes,
2008 1163 2195 1223 conti-

235 1260 434 1306 nuere
473 1261 624 1306 suos
665 1244 824 1303 intra
860 1244 1116 1303 vallum=
1179 1243 1356 1303 tertio
1396 1244 1496 1303 die
1541 1245 1856 1306 Romanus
1898 1247 2094 1307 omnis
2137 1247 2193 1306 in

237 1329 438 1389 aciem
467 1329 678 1404 copias
706 1327 931 1387 eduxit.
973 1325 1212 1387 XXXV.
1255 1342 1369 1385 rex
1395 1341 1543 1386 vero
1572 1333 1695 1386 tam
1719 1328 1978 1388 celerem
2000 1331 2197 1388 aleam

237 1412 514 1472 universi
544 1410 888 1471 certaminis
919 1409 1156 1484 timenS,
1202 1409 1684 1484 quadringentos
1712 1410 1927 1470 Trallis
1946 1441 2034 1454 -—
2054 1411 2195 1487 llly-

235 1497 472 1556 riorum
507 1495 599 1568 id,
644 1495 804 1554 sicut
845 1494 964 1554 alio
1005 1493 1268 1553 diximus
1310 1494 1478 1566 loco,
1522 1500 1618 1552 est
1644 1502 2028 1567 genus—et
2058 1494 2195 1554 Cre·

235 1587 451 1640 tenses
493 1583 800 1638 trecentos
845 1576 1052 1637 addito
1093 1576 1190 1636 his
1231 1575 1539 1650 peditibus
1585 1576 1716 1651 pari
1746 1592 1997 1638 numero
2028 1578 2196 1654 equi-

236 1669 364 1723 tum
397 1677 536 1722 cum
565 1661 723 1721 duce
752 1660 1172 1734 Athenagora,
1216 1675 1341 1720 uno
1373 1675 1451 1719 ex
1481 1661 1861 1735 purpuratis,
1891 1662 1972 1721 ad
2003 1663 2195 1722 laces-

237 1746 474 1806 sendos
497 1744 763 1804 hostium
784 1743 1022 1818 equites
1045 1745 1224 1803 misit.
1264 1743 1341 1803 ab
1362 1743 1653 1804 Romanis
1678 1744 2198 1807 autem—aberat

237 1829 408 1890 acies
453 1845 669 1888 eorum
709 1829 893 1902 paulo
939 1829 1076 1902 plus
1120 1827 1487 1902 quingentos
1528 1829 2098 1903 passus—velites
2139 1834 2197 1888 et

239 1913 515 1989 equitum
565 1912 726 1972 duae
777 1912 966 1970 ferme
1015 1913 1150 1971 alae
1198 1911 1491 1986 emissae,
1539 1918 1607 1971 ut
1644 1927 1897 1972 numero
1947 1927 2197 1989 quoque

238 2012 435 2072 eques
480 1996 797 2072 pedesque
838 1996 1078 2056 hostem
1123 2002 1476 2071 aequarent.
1540 1997 1793 2056 credere
1820 1997 1972 2072 regii
2000 2012 2196 2071 genus

236 2096 487 2157 pugnae
532 2098 655 2155 quo
698 2081 1105 2139 adsueverant
1143 2080 1305 2153 fore,
1348 2086 1416 2140 ut
1443 2080 1681 2155 equites
1718 2080 1780 2139 in
1808 2080 2006 2141 vicem
2034 2080 2192 2140 inse-

239 2172 504 2241 quentes
552 2166 1050 2239 refugientesque
1093 2179 1254 2224 nunc
1294 2164 1431 2223 telis
1473 2169 1785 2223 uterentur
1824 2180 1989 2224 nunc
2026 2171 2198 2238 terga

239 2248 486 2319 darent,
538 2247 884 2324 Illyriorum
932 2247 1227 2307 velocitas
1270 2247 1351 2305 ad
1391 2246 1793 2305 excursiones
1836 2254 1896 2304 et
1934 2247 2195 2321 impetus

238 2331 479 2393 subitos
531 2332 671 2392 usui
722 2338 920 2404 esset,
976 2330 1299 2390 Cretenses
1350 2328 1411 2386 in
1461 2327 1846 2387 invehentem
1888 2344 1958 2388 se
1999 2327 2197 2388 effuse

237 2417 483 2475 hostem
531 2416 796 2491 sagittas·
834 2414 1198 2489 conicerent.
1258 2411 1522 2473 turbavit
1558 2412 1720 2471 hunc
1770 2412 2043 2472 ordinem
2086 2429 2197 2488 pu-

238 2499 473 2575 gnandi
502 2516 624 2560 non
655 2499 854 2560 acrior
883 2514 1067 2573 quam
1088 2496 1457 2573 pertinacior
1477 2496 1741 2571 impetus
1762 2496 2195 2557 Romanorum.

236 2598 380 2643 nam
418 2582 586 2643 haud
625 2597 809 2644 secus
855 2598 1038 2657 quam
1066 2582 1120 2642 si
1157 2588 1281 2642 tota
1310 2581 1443 2641 acie
1470 2580 1853 2656 dimicarent,
1897 2586 1958 2639 et
1983 2582 2198 2641 velites

238 2666 486 2727 emissis
513 2662 707 2729 hastis
743 2666 1081 2727 comminus
1111 2665 1331 2740 gladiis
1362 2680 1489 2723 rem
1521 2665 1829 2739 gerebant,
1874 2671 1935 2723 et
1963 2665 2197 2740 equites

236 2758 306 2811 ut
335 2751 527 2810 semel
554 2750 614 2810 in
642 2750 883 2811 hostem
915 2749 1107 2809 evecti
1138 2754 1299 2821 sunt,
1330 2748 1627 2808 stantibus
1653 2748 1848 2823 equis,
1878 2748 2096 2822 partim
2120 2763 2199 2807 ex

238 2834 396 2910 ipsis
428 2833 639 2909 equis,
685 2834 902 2909 partim
935 2833 1287 2893 desilientes
1317 2831 1853 2908 immiscentesque
1882 2847 1952 2891 se
1984 2831 2195 2907 pediti-

237 2918 357 2977 bus
389 2919 762 2992 pugnabant.
830 2917 910 2976 ita
941 2932 1054 2975 nec
1085 2932 1279 2991 eques
1308 2914 1516 2991 regius
1548 2917 1736 2991 equiti
1766 2932 1880 2991 par
1908 2921 2067 2988 erat,
2110 2915 2205 2973 in-

239 3007 467 3063 suetus
499 3002 580 3061 ad
629 3002 905 3063 stabilem
960 3016 1253 3075 pugnam,
1307 3015 1422 3060 nec
1464 3000 1659 3074 pedes
1702 3005 2100 3059 concursator
2139 3003 2200 3055 et

240 3100 437 3159 vagus
467 3090 528 3145 et
554 3100 753 3161 prope
775 3084 1132 3145 seminudus
1156 3099 1383 3158 genere
1404 3098 1708 3143 armorum
1731 3081 1894 3141 veliti
1920 3080 2195 3139 Romano

237 3183 517 3244 parmam
545 3169 938 3243 gladiumque
964 3166 1230 3240 habenti,
1256 3166 1607 3242 pariterque
1629 3172 1690 3224 et
1711 3165 1792 3223 ad
1815 3176 1885 3222 se
1907 3162 2199 3222 tuendum

238 3252 410 3313 etad
436 3251 679 3313 hostem
720 3252 1051 3328 petendum
1093 3257 1345 3310 armato.
1389 3265 1512 3308 non
1554 3249 1745 3309 tulere
1788 3246 1992 3320 itaque
2026 3245 2198 3305 dimi·

236 3335 576 3406 cationem;
606 3351 720 3397 nec
749 3335 866 3396 alia
893 3350 962 3395 re
986 3348 1169 3409 quam
1188 3332 1513 3393 velocitate
1535 3338 1796 3393 tutantes
1821 3344 1893 3390 se
1914 3329 1974 3389 in
2000 3334 2201 3389 castra

231 3418 617 3495 refugerunt.

409 3502 677 3563 XXXVI.
721 3504 858 3565 Uno
901 3504 1124 3563 deinde
1163 3499 1513 3562 intermisso
1553 3501 1683 3574 die,
1736 3515 1873 3559 cum
1915 3497 2197 3558 omnibus
