2548 3950
657 166 880 226 LIBER
907 167 1115 227 XXXI.
1159 167 1327 228 CAP.
1357 175 1409 229 7.
1428 176 1483 230 8.
1504 175 1557 230 9.
1596 169 1668 247 [a.
1692 173 1759 228 c.
1780 171 1905 250 που]
2206 163 2248 232 ’1

277 336 410 396 que
427 318 670 381 nostris
699 319 859 379 bene
880 333 954 378 ac
983 318 1240 380 feliciter
1263 318 1553 392 evenIret,
1584 321 1744 382 laeta
1766 321 1969 382 omnia
1990 335 2249 397 prospe-

277 419 482 480 taque
511 403 938 478 portendere.“
1059 451 1062 456 .

456 485 616 548 vul.
659 487 757 546 Ab
796 485 915 546 hac
955 486 1231 547 oratione
1271 487 1335 548 in
1376 485 1733 562 suffragium
1772 489 1977 561 missi,
2022 488 2110 551 uti
2148 506 2248 553 ro-

281 579 475 648 garet,
506 569 733 630 bellum
762 569 1090 649 iusserunt.
1159 570 1528 646 supplicatio
1558 570 1700 630 inde
1730 586 1767 629 a
1796 571 2157 636 consulibus
2186 574 2251 634 in

273 653 550 717 'triduum
570 668 652 712 ex
673 659 924 715 senatus
948 653 1229 714 consulto
1252 651 1479 714 indicta
1501 660 1613 728 est,
1631 655 2061 731 obsecratique
2086 659 2250 718 circa

279 737 493 800 omnia
521 737 862 812 pulvinaria
891 734 993 812 dii,
1021 744 1090 798 ut
1119 737 1291 813 quod
1322 737 1547 798 bellum
1578 753 1717 798 cum
1740 737 2023 816 Philippo
2048 757 2247 816 popu-

284 824 383 883 lus
428 820 745 893 iussisset,
789 819 852 880 id
894 821 1052 882 bene
1093 837 1168 880 ac
1207 820 1463 882 feliciter
1503 821 1791 882 eveniret.
1860 824 2249 901 consultique

283 905 522 966 fetiales
552 904 628 964 ab
661 905 916 964 consule
945 903 1241 980 Sulpici0‚
1272 903 1496 964 bellum
1527 905 1697 978 quod
1723 905 2090 967 indiceretur
2118 907 2250 982 regi

281 988 598 1063 Philippo,
649 995 848 1049 utrum
899 988 1021 1062 ipsi
1059 987 1272 1062 utique
1313 987 1574 1048 nuntiari
1616 988 1925 1062 iuberent,
1974 1007 2052 1050 an
2097 993 2247 1053 satis

282 1078 457 1133 esset
499 1070 562 1131 in
600 1071 826 1132 finibus
867 1071 1041 1146 regni
1083 1073 1250 1146 quod
1284 1071 1627 1146 proximum
1655 1072 2029 1146 praesidium
2061 1083 2247 1151 esset,

279 1172 359 1215 eo
405 1154 696 1229 nuntiari,
741 1156 977 1215 fetiales
1019 1156 1453 1228 decreverunt,
1500 1162 1695 1216 utrum
1734 1171 1945 1218 eorum
1978 1157 2247 1234 fecisset,

281 1245 450 1300 recte
491 1240 808 1300 facturum.
871 1239 1111 1299 consuli
1141 1255 1179 1298 a
1205 1240 1481 1314 patribus
1524 1240 1923 1314 permissum,
1968 1250 2035 1302 ut
2065 1259 2247 1318 quem

283 1322 596 1382 videretur
637 1337 716 1382 ex
741 1321 850 1398 iiS,
891 1323 996 1398 qui
1025 1331 1198 1383 extra
1225 1329 1507 1384 senatum
1537 1331 1777 1398 essent,
1820 1327 2086 1398 legatum
2114 1327 2248 1386 mit-

280 1413 436 1468 teret
465 1405 546 1466 ad
575 1405 798 1468 bellum
829 1407 959 1481 regi
987 1407 1399 1468 indicendum.
1445 1412 1565 1466 tum
1599 1409 1677 1466 de
1706 1408 2075 1468 exercitibus
2102 1425 2247 1470 con-

281 1492 486 1552 sulum
515 1498 996 1566 praetorumque
1018 1497 1236 1550 actum.
1285 1490 1573 1551 consules
1600 1490 1773 1550 binas
1798 1491 2072 1566 legiones
2096 1494 2247 1553 scri-

279 1575 430 1636 bere
453 1575 626 1648 iussi,
641 1584 883 1635 veteres
909 1574 1208 1635 dimittere
1231 1573 1560 1634 exercitus.
1594 1573 1887 1650 Sulpici0,
1906 1576 2003 1636 cui
2020 1593 2248 1638 novum

279 1674 356 1718 ac
386 1658 591 1733 magni
633 1657 896 1719 nominis
937 1657 1162 1718 bellum
1205 1659 1513 1718 decretum
1546 1666 1705 1732 erat,
1745 1660 2145 1734 permissum,
2182 1667 2249 1720 ut

281 1743 361 1802 de
391 1743 684 1817 exercitu,
719 1757 902 1818 quem
920 1742 984 1800 P.
1009 1740 1218 1817 Scipio
1249 1757 1329 1802 ex
1350 1743 1563 1801 Africa
1586 1743 1993 1818 deportasset,
2031 1747 2247 1805 volun-

279 1826 472 1887 tarios
504 1841 663 1902 quos
693 1832 911 1902 posset
939 1826 1220 1886 duceret=
1264 1826 1514 1886 invitum
1544 1842 1622 1886 ne
1656 1843 1839 1901 quem
1868 1827 2111 1886 militem
2145 1845 2247 1888 ve-

279 1917 474 1970 terem
504 1909 770 1971 ducendi
799 1911 896 1970 ius
925 1916 1112 1971 esset.
1157 1910 1545 1986 praetoribus
1575 1911 1639 1968 L.
1670 1911 1853 1972 Furio
1882 1911 2249 1987 Purpurioni

277 2001 340 2054 et
383 1993 450 2067 Q.
491 1992 761 2055 Minucio
803 1996 965 2055 Rufo
1018 1994 1206 2070 quina
1253 1994 1417 2053 milia
1467 1994 1707 2055 socium
1745 1995 1943 2057 Latini
1983 1997 2245 2058 nominis

277 2079 573 2139 consules
597 2080 827 2151 darent,
852 2078 1074 2154 quibus
1097 2078 1427 2153 praesidiis
1451 2079 1603 2137 alter
1620 2076 1890 2153 Galliam,
1909 2082 2058 2139 alter
2070 2080 2247 2141 Brut-

276 2163 402 2223 lios
433 2162 813 2237 provinciam
845 2162 1160 2223 obtineret.
1201 2161 1268 2236 Q.
1294 2162 1543 2222 Fulvius
1570 2162 1725 2223 Gillo
1756 2164 1893 2238 ipse
1924 2163 2134 2223 iussus
2166 2179 2247 2224 ex

275 2260 358 2307 eo
391 2246 680 2317 exercitu,
715 2262 896 2321 quem
923 2242 986 2303 P.
1017 2246 1229 2305 Aelius
1261 2246 1479 2303 consul
1511 2245 1845 2317 habuisset,
1890 2253 1955 2304 ut
1985 2247 2251 2320 quisque

277 2330 528 2389 minime
579 2331 766 2391 mulla
815 2330 1124 2405 stipendia
1172 2328 1425 2388 haberet
1472 2328 1708 2403 legere,
1761 2328 1960 2389 donec
2012 2335 2071 2388 et
2112 2330 2251 2404 ipse

280 2414 559 2489 quinque
614 2413 778 2474 milia
827 2414 1063 2473 socium
1115 2428 1189 2473 ac
1232 2412 1498 2473 nominis
1538 2411 1735 2472 Latini
1778 2412 2126 2496 effecisset:
2186 2412 2247 2473 id

277 2496 596 2575 praesidio
644 2496 888 2558 Siciliae
926 2496 1283 2573 provinciae
1326 2504 1511 2556 esset.
1580 2496 1663 2555 M.
1704 2496 1951 2557 Valerio
1993 2494 2249 2571 Faltoni,

278 2582 386 2657 qui
419 2588 663 2656 praetor
693 2582 898 2657 priore
929 2598 1088 2643 anno
1117 2581 1508 2655 Campaniam
1531 2580 1911 2655 provinciam
1934 2582 2249 2657 habuerat,

279 2671 682 2745 prorogatum
731 2665 791 2724 in
831 2682 1060 2725 annum
1109 2664 1432 2740 imperium
1475 2672 1598 2737 est,
1653 2663 1740 2725 uti
1782 2672 2145 2739 propraetor
2188 2664 2249 2723 in

279 2747 628 2809 Sardiniam
659 2748 955 2810 traiceret.
1023 2750 1076 2809 is
1107 2764 1359 2825 quoque
1388 2749 1465 2808 de
1496 2749 1784 2823 exercitu,
1818 2748 1922 2823 qui
1950 2747 2033 2808 ibi
2063 2754 2249 2822 esset,
2312 2824 2317 2828 .

277 2831 558 2909 quinque
599 2832 762 2893 milia
805 2834 1042 2893 socium
1068 2832 1331 2893 nominis
1361 2833 1585 2908 Latini,
1630 2833 1733 2909 qui
1764 2849 1973 2893 eorum
2004 2832 2249 2891 minime

279 2917 471 2977 multa
515 2916 819 2992 stipendia
861 2917 1182 2989 haberent,
1225 2919 1475 2991 legeret.
1542 2924 1601 2977 et
1632 2917 1921 2977 consules
1962 2917 2119 2975 duas
2148 2932 2248 2974 ur·

282 2999 476 3060 banas
507 3000 783 3074 legiones
813 3000 1086 3061 scribere
1115 3001 1300 3076 iussi,
1349 3017 1535 3076 quae,
1567 3001 1622 3060 si
1653 3017 1775 3075 quo
1806 3015 1907 3059 res
1940 3004 2247 3073 posceret,

277 3084 484 3144 multis
525 3084 588 3142 in
627 3082 798 3143 ltalia
839 3085 1133 3145 contactis
1184 3085 1470 3159 gentibus
1509 3083 1721 3144 Punici
1772 3082 1913 3144 belli
1955 3081 2250 3142 societate

279 3164 499 3243 iraque
529 3166 672 3227 inde
700 3167 1100 3241 tumentibuS,
1143 3168 1539 3228 mitterentur.
1610 3182 1727 3227 sex
1756 3164 2096 3241 legionibus
2126 3165 2247 3225 Ro·

277 3250 476 3311 manis
509 3266 584 3311 eo
617 3266 778 3311 anno
810 3266 1001 3311 usura
1029 3265 1130 3311 res
1161 3250 1408 3325 publica
1436 3256 1583 3309 erat.

449 3334 552 3395 IX.
596 3334 666 3393 In
707 3334 846 3409 ipso
891 3341 1189 3409 apparatu
1230 3334 1372 3393 belli
1412 3333 1596 3407 legati
1638 3350 1675 3393 a
1712 3348 1859 3409 rege
1898 3331 2247 3393 Ptolemaeo
2272 3356 2308 3368 -··

283 3424 599 3493 venerunt,
631 3418 738 3495 qui
766 3418 1114 3481 nuntiarent
1139 3416 1551 3479 Athenienses
1573 3416 1882 3478 adversus
1903 3415 2252 3492 Philippum
