2548 3950
433 176 517 238 66
759 173 988 232 LIBER
1015 171 1250 231 XXXII.
1301 169 1467 230 CAP.
1496 179 1583 231 21.
1632 175 1704 243 [a.
1736 174 1805 226 U.
1836 192 1884 226 c.
1914 175 2045 241 554]

429 335 546 388 tem
577 323 972 402 Cyparissiae
1007 321 1347 382 Charitelen
1392 327 1605 381 contra
1643 320 1738 380 ius
1782 335 1961 380 omne
2000 335 2076 380 ac
2106 322 2201 381 fas
2229 322 2395 383 inter

426 410 640 484 epulas
669 420 866 482 prope
895 407 1065 480 ipsas
1095 404 1399 478 occisum,
1429 411 1493 464 et
1517 405 1771 464 Aratum
1803 409 2038 478 patrem
2068 404 2395 482 filiumque

426 490 774 570 SicyoniOS,
809 505 946 550 cum
975 504 1186 549 senem
1205 489 1507 547 infelicem
1528 494 1844 562 parentem
1866 487 2047 548 etiam
2070 490 2395 564 appellare

425 577 644 638 solitus
692 580 888 647 esset,
931 573 1315 644 interfectOS,
1358 569 1763 649 Polycratiam
1800 570 1934 631 eius
1964 587 2225 631 uxorem
2254 573 2393 632 libi·

425 660 584 719 dinis
636 673 826 718 causa
875 656 936 716 in
974 655 1397 715 Macedoniam
1450 660 1858 729 asportatam
1924 662 2129 716 cetera
2170 665 2393 731 stupra

423 743 724 818 virginum
774 746 1305 814 matronarumque
1348 737 1638 798 oblivioni
1684 737 1931 798 dentur=
2000 754 2081 798 ne
2123 739 2205 800 sit
2248 756 2389 800 cum

429 825 708 901 Philippo
739 839 871 896 reS,
917 823 1092 883 cuius
1124 822 1497 882 crudelitatis
1527 829 1691 882 metu
1720 821 2105 882 obmutuistis
2137 837 2387 884 omnes=

421 943 504 954 -
536 925 674 970 nam
719 922 878 983 quae
920 906 1036 966 alia
1075 905 1319 966 tacendi
1362 905 1677 966 advocatis
1723 905 1785 964 in
1828 905 2155 966 concilium
2195 922 2389 968 causa

425 1001 666 1054 est‘3—
695 1007 834 1051 cum
861 991 1190 1064 Antigono,
1221 989 1542 1050 mitissimo
1571 1005 1644 1048 ac
1674 987 2009 1049 iustissimo
2037 1005 2187 1064 rege
2216 997 2281 1051 et
2310 993 2389 1050 de

423 1077 605 1136 nobis
633 1075 914 1136 omnibus
939 1073 1164 1146 optime
1186 1072 1419 1145 merito,
1436 1072 1851 1132 existimemus
1877 1072 2388 1148 disceptationem

424 1175 596 1219 esse=
639 1174 783 1216 num
810 1156 872 1216 id
898 1157 1234 1230 postularet
1256 1156 1461 1215 facere
1484 1172 1602 1217 nos
1630 1157 1799 1230 quod
1818 1155 1951 1215 fieri
1977 1172 2100 1216 non
2124 1165 2391 1231 posset?

424 1242 787 1318 paeninsula
831 1247 927 1300 est
966 1238 1463 1313 Peloponnesus,
1516 1240 1792 1314 angustis
1836 1239 2046 1300 Isthmi
2098 1241 2387 1302 faucibus

424 1324 753 1387 continenti
795 1321 1170 1398 adhaerenS,
1221 1323 1370 1382 nulli
1407 1323 1677 1398 apertior
1726 1338 1928 1398 neque
1980 1325 2383 1399 opportunior

425 1427 608 1486 quam
652 1409 854 1470 navali
897 1408 1080 1468 bello.
1145 1407 1199 1468 si
1231 1414 1473 1468 centum
1514 1412 1711 1466 tectae
1753 1422 1945 1466 naves
1990 1414 2052 1466 et
2081 1408 2386 1484 quinqua-

422 1496 590 1568 ginta
629 1494 894 1554 leviores
937 1498 1186 1566 apertae
1217 1497 1279 1550 et
1306 1491 1547 1565 triginta
1574 1489 1789 1550 Issaici
1816 1490 1997 1550 lembi
2024 1492 2384 1554 maritimam

423 1592 592 1637 oram
629 1583 870 1636 vastare
912 1582 973 1634 et
999 1575 1317 1650 expositas
1360 1589 1557 1650 prope
1588 1573 1647 1632 in
1678 1573 1831 1648 ipsis
1884 1575 2165 1635 litoribus
2194 1576 2385 1636 urbes

425 1658 738 1733 coeperint
768 1673 1147 1732 oppugnare,
1189 1658 1246 1717 in
1279 1656 1755 1718 mediterraneas
1786 1657 2021 1719 scilicet
2050 1675 2167 1720 nos
2194 1660 2387 1720 urbes

425 1742 822 1816 recipiemus,
867 1748 1170 1815 tamquam
1218 1757 1343 1801 non
1388 1741 1673 1801 intestino
1716 1748 1778 1800 et
1804 1741 2093 1803 haerente
2136 1744 2198 1802 in
2228 1743 2387 1818 ipsis

424 1824 762 1886 visceribus
787 1840 1034 1886 uramur
1059 1825 1248 1885 bello!
1282 1840 1419 1883 cum
1441 1824 1799 1885 terraNabis
1823 1825 2387 1900 etLacedaemonii,

419 1911 569 1969 mari
601 1910 819 1970 classis
840 1909 1118 1969 Romana
1151 1909 1467 1985 urgebunt,
1498 1908 1663 1968 unde
1688 1909 1920 1982 regiam
1943 1909 2303 1972 societatem
2328 1918 2388 1971 et

419 1995 828 2054 Macedonum
871 1994 1184 2069 praesidia
1225 1994 1587 2068 implorem?
1644 2008 1723 2053 an
1764 1992 1883 2068 Ipsi
1926 1995 2153 2055 nostris
2197 1997 2385 2055 armis

423 2078 499 2138 ab
527 2078 708 2137 hoste
727 2079 1006 2138 Romano
1038 2076 1367 2138 tutabimur
1396 2078 1601 2150 urbeS,
1635 2091 1795 2151 quae
1825 2079 2388 2152 oppugnabantur?

421 2162 665 2237 egregie
711 2162 869 2222 enim
897 2161 1131 2239 Dymas
1163 2161 1369 2236 priore
1397 2161 1559 2220 bello
1589 2175 1802 2220 sumus
1831 2161 2032 2221 tutati!
2095 2162 2247 2223 satis
2280 2179 2385 2223 ex-

423 2246 761 2321 emplorum
799 2246 979 2307 nobis
1009 2244 1249 2305 alienae
1282 2245 1491 2305 clades
1518 2243 1842 2319 praebent,
1887 2261 1967 2305 ne
1995 2261 2383 2321 quaeramus,

362 2356 372 2367 ·
421 2346 600 2407 quern
635 2332 712 2389 ad
741 2331 992 2391 modum
1016 2330 1235 2390 ceteris
1261 2328 1543 2403 exemplo
1568 2329 1776 2387 simus.
1824 2329 2025 2403 nolite,
2058 2330 2203 2405 quia
2222 2333 2385 2391 ultro

417 2413 676 2473 Romani
723 2420 936 2487 petunt
977 2413 1331 2483 amicitiam,
1384 2412 1445 2471 id
1492 2412 1660 2487 quod
1708 2414 2039 2486 optandum
2080 2414 2265 2475 vobis
2313 2431 2383 2475 ac

420 2512 809 2569 summopere
841 2496 1170 2569 petendum
1198 2502 1344 2568 erat,
1376 2496 1668 2554 fastidire.
1714 2503 1881 2555 metu
1909 2497 2069 2557 enim
2098 2498 2385 2559 videlicet

419 2578 721 2651 compulsi
745 2585 807 2637 et
827 2578 1115 2653 deprensi
1139 2579 1198 2637 in
1224 2579 1424 2637 aliena
1446 2586 1625 2651 terra,
1652 2577 1796 2654 quia
1820 2580 1936 2640 sub
1958 2581 2173 2641 umbra
2194 2582 2383 2643 vestri

419 2662 626 2721 auxilii
670 2664 860 2721 latere
905 2664 1142 2735 volunt,
1187 2662 1248 2721 in
1296 2663 1651 2723 societatem
1698 2664 1964 2725 vestram
2006 2665 2381 2740 confugiunt,

419 2752 482 2805 ut
514 2746 791 2819 portibus
837 2746 1060 2805 vestris
1095 2746 1499 2821 recipiantur,
1544 2754 1610 2807 ut
1638 2748 2077 2808 commeatibus
2106 2755 2381 2809 utantur!

418 2843 583 2889 mare
612 2829 671 2887 in
705 2836 1004 2903 potestate
1035 2829 1283 2901 habent,
1314 2837 1523 2899 terraS,
1559 2846 1979 2903 quascumque
2002 2832 2247 2906 adeunt,
2276 2849 2383 2893 ex-

418 2914 642 2987 templo
689 2912 948 2973 dicionis
998 2929 1148 2975 suae
1181 2914 1435 2975 faciunt=
1490 2914 1657 2988 quod
1686 2920 1934 2991 rogant,
1982 2930 2205 2991 cogere
2237 2933 2383 2993 pos-

419 3005 592 3066 sunt;
653 2997 797 3071 quia
839 2998 1196 3072 pepercisse
1227 2999 1403 3058 vobis
1437 3000 1675 3071 volunt,
1722 2999 2096 3059 committere
2124 3016 2245 3061 vos
2276 3017 2385 3061 cur

420 3082 681 3156 pereatis
714 3097 835 3142 non
867 3082 1191 3156 patiuntur.
1244 3098 1385 3141 nam
1416 3082 1581 3157 quod
1614 3082 1982 3143 Cleomedon
2014 3084 2201 3145 modo
2232 3091 2384 3146 tam-

419 3182 600 3240 quam
641 3165 902 3226 mediam
934 3172 994 3225 et
1023 3166 1389 3228 tutissimam
1418 3166 1595 3239 vobis
1624 3166 1785 3225 viam
1816 3166 2083 3240 consilii,
2112 3174 2182 3228 ut
2210 3170 2385 3244 quie·

417 3250 670 3309 seeretis
715 3250 1228 3326 abstineretisque
1259 3250 1475 3323 armis,
1502 3250 1893 3323 ostendebat,
1926 3266 2001 3310 ea
2028 3267 2152 3310 non
2180 3253 2389 3312 media

417 3332 530 3391 sed
553 3330 716 3391 nulla
740 3333 838 3392 via
860 3340 970 3393 est.
1003 3335 1224 3393 etenim
1247 3340 1674 3409 praeterquam
1701 3332 1867 3407 quod
1895 3340 1999 3393 aut
2020 3334 2387 3409 accipienda

415 3421 518 3471 aut
541 3416 890 3487 spernenda
916 3417 1090 3476 vobis
1105 3418 1383 3477 Romana
1406 3418 1669 3479 societas
1694 3423 1805 3492 est,
1832 3417 1978 3493 quid
2004 3418 2172 3478 aliud
2196 3436 2387 3493 quam

2508 3180 2510 3261 l

2506 3424 2509 3525 l
