2548 3950
576 218 808 278 MBER
834 219 1099 279 xxxvl.
1148 220 1315 281 CAP.
1344 232 1392 282 2.
1421 231 1475 284 3.
1519 228 1593 296 [a.
1618 228 1683 281 c.
1706 228 1828 294 191]
2051 222 2178 287 223

213 371 312 431 sis
345 378 661 442 evenerat,
689 370 932 444 triginta
959 371 1219 431 navibus
1242 372 1475 447 paratis
1496 372 1756 431 traicere
1778 372 1838 431 in
1861 372 2177 433 Graeciam

211 456 422 530 primo
465 469 714 529 quoque
752 461 1029 529 tempore
1069 455 1307 528 iussus,
1359 462 1420 515 et
1455 453 1532 515 ab
1562 455 1747 516 Atilio
1786 471 1977 517 naves
2017 458 2177 517 acci·

213 553 390 614 pere.
434 546 677 597 veteres
708 552 930 609 naves,
961 554 1122 612 quae
1150 539 1210 598 in
1240 537 1561 599 navalibus
1591 547 1780 613 erant,
1807 547 1876 600 ut
1898 539 2182 601 reficeret

213 630 282 683 et
309 628 599 693 armaret,
642 621 722 680 Μ.
755 621 926 682 Iunio
968 621 1234 697 praetori
1272 622 1584 697 negotium
1613 623 1821 683 datum
1848 629 1973 697 est,
2015 632 2076 683 et
2114 625 2179 684 in

213 722 359 766 eam
390 707 652 766 classem
682 706 889 765 socios
925 707 1177 766 navales
1209 705 1523 767 libertinos
1548 707 1795 781 legeret.
1852 706 1954 766 ΙΙΙ.
1996 708 2179 783 legati

212 790 378 850 terni
418 790 476 848 in
517 789 784 849 Atricam
827 789 907 849 ad
947 788 1474 864 Carthaginienses
1516 798 1578 850 et
1617 790 1679 849 in
1718 791 2060 852 Numidiam
2099 792 2181 853 ad

215 875 590 935 frumentum
610 873 971 948 rogandum,
988 874 1156 949 quod
1177 874 1238 933 in
1256 873 1573 933 Graeciam
1595 883 1956 949 portaretur,
1968 876 2177 945 missi;

218 976 338 1034 pro
373 973 495 1033 quo
527 958 782 1032 pretium
813 960 1082 1018 solveret
1111 959 1381 1033 populus
1409 958 1743 1019 Romanus.
1800 960 2085 1034 adeoque
2112 960 2177 1019 iu

216 1050 584 1119 apparatum
613 1056 945 1117 curamque
975 1042 1108 1102 eius
1141 1042 1286 1101 belli
1324 1041 1541 1112 civitas
1580 1042 1807 1103 intenta
1836 1042 1972 1113 fuit,
2021 1049 2087 1102 ut
2112 1043 2175 1102 P.

217 1126 540 1187 Cornelius
571 1126 790 1186 consul
817 1125 1112 1201 ediceret,
1158 1126 1262 1201 qui
1292 1133 1611 1187 senatores
1641 1133 1879 1201 essent,
1924 1126 2174 1202 quibus-

217 1225 348 1286 que
375 1210 437 1270 in
467 1215 683 1270 senatu
714 1211 1071 1269 sententiam
1102 1210 1308 1270 dicere
1347 1210 1586 1280 liceret,
1630 1210 1862 1286 quique
1906 1211 2175 1272 minores

216 1295 610 1369 magistratus
641 1300 880 1367 essent,
911 1310 988 1352 ne
1020 1294 1157 1369 quis
1187 1309 1397 1356 eorum
1428 1294 1670 1369 longius
1699 1296 1778 1354 ab
1806 1292 1959 1355 urbe
1981 1295 2177 1356 Roma

215 1378 418 1437 abiret
438 1393 621 1454 quam
638 1377 806 1437 unde
829 1393 904 1438 eo
932 1377 1033 1437 die
1055 1377 1257 1438 redire
1279 1384 1527 1453 posset3
1572 1393 1731 1437 neve
1752 1394 1875 1437 uno
1898 1385 2176 1453 tempore

217 1462 499 1538 quinque
519 1468 839 1522 senatores
861 1462 938 1521 ab
960 1460 1113 1521 urbe
1127 1462 1323 1522 Roma
1335 1462 1643 1522 abessent.
1673 1462 1735 1520 in
1760 1462 2177 1536 comparanda

216 1546 477 1621 impigre
519 1548 720 1622 classe
762 1545 822 1604 C.
850 1545 1085 1605 Livium
1127 1552 1472 1620 praetorem
1518 1545 1821 1607 contentio
1864 1552 1998 1605 orta
2036 1562 2174 1605 cum

217 1629 460 1689 colonis
498 1629 808 1689 maritimis
850 1630 1167 1704 paulisper
1210 1630 1414 1690 tenuit.
1468 1644 1609 1689 nam
1645 1645 1784 1691 cum
1812 1636 2175 1705 cogerentur

216 1716 278 1774 in
314 1714 605 1786 classem,
636 1713 914 1774 tribunos
942 1714 1107 1789 plebi
1132 1715 1545 1791 appellarunt=
1590 1714 1770 1801 abiis
1793 1714 1872 1774 ad
1895 1721 2174 1775 senatum

214 1798 429 1858 reiecti
459 1803 618 1857 sunt.
675 1803 926 1858 senatus
956 1798 1038 1858 ita
1065 1805 1132 1858 ut
1159 1800 1237 1858 ad
1265 1815 1453 1859 unum
1485 1814 1698 1859 omnes
1740 1800 2171 1871 consentirent,

217 1882 494 1942 decrevit
515 1881 887 1942 vacationem
909 1883 1001 1942 rei
1023 1883 1256 1942 navalis
1280 1883 1371 1943 eis
1395 1883 1631 1943 colonis
1656 1900 1776 1943 non
1802 1898 1963 1964 esse.
2006 1881 2176 1943 Ostia

215 1974 279 2027 ct
301 1966 616 2041 Fregenae
645 1975 706 2027 et
729 1966 1004 2027 Castrum
1033 1983 1258 2028 novum
1298 1975 1357 2030 et
1374 1967 1560 2045 Pyrgi
1590 1974 1650 2028 et
1666 1966 1914 2029 Antium
1942 1972 2003 2028 et
2028 1968 2171 2028 Tar·

215 2051 431 2111 racina
459 2057 520 2110 et
545 2050 885 2110 Minturnae
912 2058 973 2111 et
1000 2050 1301 2112 Sinuessa
1330 2052 1599 2126 fuerunt,
1639 2067 1799 2127 quae
1829 2067 1967 2112 cum
1997 2067 2171 2126 prae·

215 2143 354 2195 tore
384 2135 463 2194 de
488 2134 809 2195 vacatione
849 2142 1250 2195 certaverunt.
1309 2137 1527 2196 consul
1557 2136 1780 2196 deinde
1808 2135 1908 2194 M‘.
1938 2135 2171 2196 Acilius

219 2234 302 2277 ex
331 2226 582 2279 senatus
613 2221 895 2281 consulto
927 2220 1004 2279 ad
1031 2219 1353 2294 collegium
1379 2219 1666 2278 fetialium
1688 2219 1941 2292 rettulit,
1972 2218 2175 2293 ipsine

216 2302 432 2377 utique
459 2301 588 2378 regi
610 2302 912 2365 Antiocho
943 2303 1311 2363 indiceretur
1337 2303 1590 2376 bellum,
1623 2319 1699 2362 an
1731 2303 1881 2361 satis
1905 2307 2074 2362 esset
2094 2301 2176 2360 ad

219 2386 598 2462 praesidium
628 2386 875 2462 aliquod
908 2387 1039 2447 eius
1063 2387 1371 2456 nuntiare;
1418 2393 1478 2446 et
1499 2402 1643 2451 num
1664 2385 1900 2446 Aetolis
1926 2397 2175 2461 quoque

218 2471 551 2545 separatim
579 2470 762 2530 indici
792 2471 1071 2533 iuberent
1106 2471 1363 2540 bellum;
1409 2477 1469 2530 et
1509 2487 1653 2531 num
1694 2470 1867 2545 prius
1908 2468 2172 2529 societas

220 2555 314 2614 eis
355 2561 416 2615 et
453 2554 714 2615 amicitia
752 2555 1156 2616 renuntianda
1193 2561 1365 2614 esset
1404 2570 1588 2630 quam
1636 2551 1869 2615 bellum
1901 2553 2173 2613 indicen-

219 2638 396 2699 dum.
419 2639 652 2699 fetiales
674 2640 1131 2714 responderunt
1153 2638 1270 2698 iam
1294 2646 1434 2699 ante
1458 2653 1619 2712 sese,
1634 2655 1770 2700 cum
1794 2638 1873 2698 de
1892 2636 2172 2713 Philippo

217 2723 714 2796 consulerentur,
746 2724 1101 2784 decrevisse
1129 2723 1277 2782 nihil
1306 2725 1563 2798 referre,
1597 2723 1717 2800 ipsi
1748 2738 1955 2783 coram
1985 2738 2063 2782 an
2095 2721 2176 2780 ad

220 2805 597 2883 praesidium
618 2807 1012 2868 nuntiaretur.
1047 2807 1369 2868 amicitiam
1390 2808 1792 2868 renuntiatam
1810 2807 2021 2878 videri,
2037 2821 2175 2866 cum

217 2890 437 2966 legatis
478 2891 701 2952 totiens
741 2891 1158 2966 repetentibus
1199 2907 1302 2952 res
1347 2907 1463 2952 nec
1507 2893 1683 2952 reddi
1723 2906 1839 2951 nec
1890 2889 2177 2951 satisfieri

217 2989 488 3054 aequum
519 2974 924 3036 censuissent.
980 2978 1236 3038 Aetolos
1266 2978 1425 3037 ultro
1454 2976 1571 3036 sibi
1599 2976 1827 3036 bellum
1854 2974 2176 3046 indixisse,

218 3074 358 3119 cum
389 3059 835 3119 Demetriadem
867 3061 1177 3120 sociorum
1207 3060 1421 3119 urbem
1454 3075 1565 3134 per
1590 3060 1710 3117 vim
1740 3063 2172 3132 occupassent,

219 3141 573 3202 Chalcidem
604 3150 766 3203 terra
793 3144 1070 3219 marique
1101 3149 1521 3219 oppugnatum
1548 3143 1771 3213 issent,
1809 3152 2021 3211 regem
2048 3139 2171 3198 An·

216 3225 487 3287 tiochum
518 3227 578 3286 in
605 3227 915 3302 Europam
958 3227 1039 3286 ad
1077 3227 1304 3286 bellum
1345 3225 1577 3300 populo
1606 3225 1883 3285 Romano
1914 3223 2177 3306 inferen-

215 3312 366 3370 dum
393 3309 830 3372 traduxissent.
876 3309 1158 3372 omnibus
1188 3309 1310 3370 iam
1345 3308 1495 3370 satis
1518 3308 1887 3383 comparatis
1910 3305 2009 3366 Μ’.
2034 3304 2175 3365 Aci·

217 3396 338 3456 lius
354 3394 572 3455 consul
587 3394 793 3469 edixit,
809 3402 877 3455 ut
891 3411 1050 3470 quos
1064 3394 1289 3469 L.Quin
1297 3393 1451 3453 etius
1466 3391 1686 3452 milites
1702 3390 2180 3465 conscripsisset

215 3487 278 3540 et
310 3495 469 3555 quos
501 3477 690 3539 sociis
721 3479 1076 3554 nominique
1100 3478 1313 3538 Latino
1343 3476 1738 3554 imperasset,
1772 3491 1933 3552 quos
1966 3489 2177 3536 secum
