2548 3950
331 208 418 275 64
695 209 924 268 LIBER
952 207 1188 269 XXXII.
1235 208 1511 268 CAP.21.
1558 211 1945 281 [a.U.c.554]

331 381 480 438 rem,
511 362 565 423 si
599 361 874 436 privatus
906 377 1141 421 essem:
1185 377 1349 422 nunc
1376 368 1623 436 praetor
1649 360 1834 421 video
1868 367 1971 420 aut
1993 377 2117 422 non
2140 360 2293 424 dan·

334 449 479 509 dum
509 445 834 506 concilium
861 446 1078 519 legatis
1108 445 1333 518 fuisse,
1376 451 1481 505 aut
1507 444 1649 504 inde
1680 443 1813 504 sine
1840 459 2149 519 responso
2180 460 2294 506 eos

332 549 459 593 non
487 529 880 589 dimittendos
913 543 1074 588 esse.
1140 528 1523 602 respondere
1552 535 1783 602 autem,
1826 527 1945 587 nisi
1974 544 2053 587 cx
2082 535 2293 589 vestro

335 617 613 687 decreto,
659 613 762 688 qui
795 613 1096 687 possum?
1137 619 1198 671 et
1226 609 1514 687 quoniam
1544 625 1723 672 nemo
1752 618 2051 685 vestrum,
2099 613 2293 687 quiin

332 699 453 758 hoc
481 696 803 758 concilium
831 695 1114 755 advocati
1141 696 1323 768 estiS,
1367 712 1478 771 pro
1512 696 1814 756 sententia
1842 695 2170 772 quicquam
2202 695 2293 754 di—

334 797 476 843 cere
502 783 634 842 vult
661 787 766 840 aut
793 778 994 853 audet,
1027 779 1335 840 orationes
1365 780 1702 856 legatorum
1731 779 2018 841 hesterno
2044 779 2153 839 die
2178 795 2293 855 pro

335 864 650 929 sententiis
695 863 892 923 dictas
922 877 1429 938 percenseamus,
1477 863 1732 939 perinde
1762 879 1835 923 ac
1866 881 1988 925 non
2018 866 2291 938 postula-

335 951 531 1009 verint
559 963 718 1023 quae
747 963 782 1006 e
808 961 878 1006 re
907 963 1024 1008 sua
1051 955 1279 1020 essent,
1303 949 1416 1009 sed
1438 947 1745 1009 suaserint
1769 961 1928 1022 quae
1950 945 2127 1007 nobis
2152 963 2292 1008 cen-

336 1039 545 1093 serent
578 1031 750 1092 utilia
778 1046 940 1091 esse.
1011 1031 1646 1106 Romani-:Rhodiique
1674 1037 1735 1090 et
1760 1033 2001 1091 Attalus
2032 1030 2289 1092 societa-

335 1125 456 1176 tem
498 1115 946 1188 amicitiamque
988 1122 1259 1176 nostram
1288 1121 1529 1190 petunt,
1572 1116 1722 1175 etin
1752 1115 1943 1188 bello,
1988 1115 2157 1190 quod
2184 1115 2293 1176 ad·

334 1216 555 1259 versus
595 1198 938 1272 Philippum
991 1207 1237 1272 gerunt,
1289 1215 1360 1258 se
1400 1215 1437 1258 a
1477 1197 1659 1260 nobis
1708 1198 1984 1260 adiuvari
2027 1213 2293 1274 aequum

336 1289 607 1344 censent.
673 1281 994 1357 Philippus
1036 1283 1349 1344 societatis
1393 1298 1605 1346 secum
1646 1283 1935 1344 admonet
1965 1290 2025 1343 et
2051 1281 2293 1343 iurisiu-

333 1367 544 1437 randi3
589 1371 650 1426 et
675 1367 861 1426 modo
893 1368 1193 1441 postulat,
1237 1375 1305 1428 ut
1332 1383 1544 1428 secum
1572 1374 1823 1441 stemuS,
1852 1366 2068 1440 modo,
2098 1382 2177 1426 ne
2204 1366 2294 1426 in-

333 1453 618 1515 tersimus
661 1450 876 1524 armis,
930 1456 1279 1511 contentum
1322 1451 1403 1512 ait
1442 1467 1512 1510 se
1540 1466 1704 1512 esse.
1778 1451 2003 1511 nulline
2040 1437 2297 1511 venitin

335 1541 628 1608 mentem,
674 1549 783 1592 cur
826 1533 929 1608 qui
971 1535 1238 1595 nondum
1286 1535 1437 1595 socii
1478 1543 1649 1609 sunt,
1692 1536 1831 1610 plus
1876 1541 2085 1610 petant
2112 1550 2298 1610 quam

336 1620 590 1680 socius?
629 1633 754 1678 non
783 1618 853 1677 fit
878 1616 998 1678 hoc
1027 1634 1229 1694 neque
1257 1619 1563 1680 modestia
1581 1618 1843 1694 Philippi
1872 1633 2075 1693 neque
2100 1619 2298 1694 impu·

337 1703 542 1763 dentia
566 1702 1012 1774 Romanorum,
1054 1702 1320 1762 Achaei:
1364 1705 1610 1763 fortuna
1651 1710 1712 1763 et
1740 1704 1845 1764 dat
1872 1701 2157 1762 fiduciam
2184 1719 2299 1777 po-

339 1785 702 1846 stulantibus
753 1793 814 1844 et
853 1785 1056 1846 demit.
1122 1785 1386 1862 Philippi
1422 1794 1670 1862 praeter
1710 1789 1976 1862 legatum
2014 1786 2298 1847 videmus

341 1869 514 1930 nihil=
557 1869 838 1930 Romana
867 1867 1085 1930 classis
1109 1870 1188 1929 ad
1212 1869 1557 1931 Cenchreas
1584 1878 1719 1946 stat,
1743 1871 1983 1931 urbium
2004 1868 2301 1930 Euboeae

337 1954 538 2030 spolia
567 1968 717 2029 prae
748 1969 817 2013 se
846 1951 1080 2025 lerens3
1128 1956 1443 2016 consulem
1464 1953 1866 2033 legionesque
1890 1955 2041 2026 eim,
2070 1953 2299 2029 exiguo

339 2037 523 2097 maris
547 2038 750 2113 spatio
777 2037 1097 2112 diiunctas,
1120 2037 1450 2101 Phocidem
1473 2055 1546 2099 ac
1558 2040 1883 2101 Locridem
1905 2038 2299 2114 pervagantis
2352 2100 2362 2110 ,

336 2122 646 2183 videmus=
712 2120 1038 2195 miramini,
1092 2138 1201 2183 cur
1250 2123 1597 2184 diffidenter
1640 2124 2009 2185 Cleomedon
2057 2122 2299 2197 legatus

335 2204 615 2281 Philippi,
647 2214 714 2267 ut
739 2222 854 2281 pro
882 2221 1030 2282 rege
1059 2222 1228 2268 arma
1248 2223 1613 2282 caperemus
1638 2208 1941 2269 adversus
1962 2207 2301 2281 RomanoS,

335 2291 522 2351 modo
566 2290 799 2366 egerit?
862 2292 997 2366 qui,
1042 2291 1096 2351 si
1125 2306 1206 2351 ex
1231 2292 1457 2352 eodem
1497 2292 1749 2352 foedere
1784 2306 1857 2351 ac
1884 2290 2300 2366 iureiurando,

336 2376 512 2434 cuius
555 2375 732 2435 nobis
771 2374 1129 2449 religionem
1171 2374 1482 2449 iniciebat,
1524 2390 1813 2450 rogemus
1858 2390 2026 2449 eum,
2069 2382 2137 2435 ut
2180 2391 2301 2435 nos

335 2457 652 2532 Philippus
695 2465 756 2517 et
793 2458 871 2517 ab
899 2458 1135 2517 Nabide
1167 2473 1241 2518 ac
1266 2458 1775 2521 Lacedaemoniis
1806 2466 1865 2519 et
1894 2460 1971 2519 ab
2001 2458 2299 2520 Romanis

337 2541 656 2614 defendat,
698 2558 823 2601 non
852 2542 1036 2601 modo
1066 2542 1445 2615 praesidium
1477 2560 1599 2619 quo
1632 2551 1871 2604 tueatur
1899 2559 2045 2614 noS,
2078 2543 2193 2603 sed
2218 2558 2305 2602 ne

340 2625 489 2699 quid
527 2625 906 2700 respondeat
946 2625 1194 2700 quidem
1229 2625 1413 2688 nobis
1454 2628 1534 2688 sit
1572 2628 1963 2702 inventurus,
2003 2643 2127 2687 non
2161 2626 2303 2687 her·

337 2710 476 2767 cule
515 2709 709 2783 magis
755 2724 935 2784 quam
975 2709 1115 2784 ipse
1141 2708 1459 2786 Philippus
1501 2711 1709 2787 priore
1750 2714 1909 2772 anno
1926 2756 1940 2785 ,
1988 2712 2091 2787 qui
2124 2710 2302 2786 polli-

333 2793 534 2851 cendo
581 2808 652 2853 se
695 2792 993 2854 adversus
1033 2793 1329 2855 Nabidem
1370 2796 1595 2857 bellum
1635 2801 1949 2871 gesturum
1984 2811 2122 2855 cum
2150 2800 2303 2871 teni·

335 2883 576 2950 ptasset
613 2885 888 2939 nostram
930 2878 1302 2939 iuventutem
1341 2879 1484 2940 hinc
1524 2880 1585 2940 in
1612 2880 1927 2941 Euboeam
1956 2877 2300 2951 extrahere,

337 2966 667 3037 postquam
710 2978 828 3023 nos
855 2977 1059 3037 neque
1088 2963 1423 3023 decernere
1452 2964 1514 3024 id
1544 2964 1662 3024 sibi
1690 2962 2067 3039 praesidium
2096 2975 2304 3038 neque

335 3047 494 3105 velle
533 3046 750 3121 illigari
790 3046 1070 3107 Romano
1112 3046 1276 3108 bello
1316 3047 1495 3119 vidit,
1540 3048 1763 3109 oblitus
1808 3046 2125 3109 societatIs
2166 3046 2305 3106 eius

338 3146 520 3204 quam
549 3147 714 3191 nunc
741 3131 939 3205 iactat,
981 3131 1321 3192 vastandos
1352 3132 1954 3207 depopulandosque
1979 3129 2201 3191 Nabidi
2228 3146 2306 3189 ac

337 3213 838 3277 Lacedaemoniis
879 3215 1140 3291 reliquit.
1208 3232 1283 3275 ac
1323 3214 1466 3275 mihi
1508 3215 1757 3291 quidem
1796 3216 2045 3276 minime
2076 3229 2303 3275 conve-

339 3296 513 3358 niens
570 3297 726 3359 inter
774 3314 846 3359 se
894 3299 1089 3359 oratio
1144 3299 1613 3361 Cleomedontis
1648 3298 1786 3360 visa
1840 3306 1953 3360 est.
2022 3296 2307 3359 elevabat

337 3381 680 3439 Romanum
727 3382 984 3455 bellum,
1041 3388 1455 3459 eventumque
1503 3384 1635 3443 eius
1693 3383 1960 3446 eundem
2008 3384 2143 3442 fore
2198 3380 2303 3456 qui

340 3462 564 3537 prioris
593 3463 763 3537 belli,
811 3464 979 3539 quod
1009 3482 1148 3527 cum
1174 3465 1455 3542 Philippo
1485 3466 1815 3542 gesserint,
1860 3465 2121 3529 dicebat.
2192 3480 2305 3525 cur
