2548 3950
542 254 772 314 LIBER
799 253 1010 314 XXXI.
1051 253 1454 316 CAP.14.15.
1498 263 1569 329 [a.
1604 263 1821 328 ceco]
1996 235 2005 242 ”
2078 257 2157 320 13

197 404 674 479 haudquaquam
717 401 902 478 digna
955 420 1174 478 causa,
1223 405 1369 465 dum
1398 423 1477 466 ex
1506 413 1714 467 vetere
1746 408 1987 468 fortuna
2014 405 2160 467 nihil

199 493 442 565 praeter
466 486 707 548 animos
737 494 1003 548 servant.
1069 489 1427 550 Acarnanes
1458 490 1579 550 duo
1621 490 1878 552 iuvenes
1910 508 2022 568 per
2049 491 2157 552 ini·

199 571 416 636 tiorum
447 569 582 632 dies
611 587 737 631 non
767 569 982 632 initiati
1009 573 1303 647 templum
1329 572 1584 646 Cereris,
1618 574 2035 650 imprudentes
2064 591 2159 636 re-

197 653 460 732 ligioniS,
491 670 631 716 cum
659 661 865 715 cetera
891 657 1069 716 turba
1100 655 1365 732 ingressi
1385 665 1555 718 sunt.
1603 658 1784 719 facile.
1811 675 1923 720 eos
1955 676 2159 720 sermo

197 737 488 816 prodidit,
514 739 783 799 absurde
815 739 1119 812 quaedam
1151 741 1640 815 percunctantis3
1672 740 2043 818 deductique
2078 743 2159 803 ad

197 820 496 884 antistites
522 821 752 896 templi,
781 838 920 883 cum
949 825 1150 898 palam
1179 833 1350 885 esset
1377 841 1488 900 per
1518 841 1788 886 errorem
1816 825 2157 901 ingreSSOS‚

197 917 502 982 tamquam
533 905 613 967 ob
641 904 958 966 infandum
987 909 1193 968 scelus
1215 907 1517 968 interfecti
1542 917 1700 970 sunt.
1745 908 1810 970 id
1832 917 1955 971 tam
1977 909 2161 970 foede

195 1000 378 1067 atque
405 988 708 1051 hostiliter
734 1005 890 1064 gens
919 991 1308 1052 Acarnanum
1341 993 1563 1054 sactum
1587 993 1667 1052 ad
1688 991 2028 1068 Philippum
2054 993 2161 1052 de-

193 1073 356 1147 tulit,
407 1071 875 1150 impetravitque
914 1074 991 1134 ab
1034 1090 1141 1149 ec,
1198 1083 1265 1136 ut
1293 1075 1452 1136 datis
1479 1075 1888 1138 Macedonum
1914 1073 2159 1138 auxiliis

191 1159 418 1220 bellum
447 1174 516 1217 se
552 1155 778 1218 inferre
805 1157 1287 1220 Atheniensibus
1317 1167 1643 1235 pateretur.
1711 1160 1809 1221 hic
1852 1159 2159 1220 exercitus

193 1241 388 1319 primo
418 1248 638 1302 terram
668 1241 932 1302 Atticam
962 1243 1126 1303 ferro,
1153 1241 1405 1318 ignique
1436 1245 1847 1320 depopulatus
1872 1260 2159 1306 cum-om-

191 1325 290 1388 nis
319 1324 565 1401 generis
593 1325 828 1402 praeda
855 1323 916 1385 in
945 1325 1354 1386 Acarnaniam
1382 1327 1580 1388 rediit.
1652 1335 1713 1387 et
1738 1327 1993 1388 irritatio
2026 1325 2159 1403 qui-

191 1411 338 1471 dem
363 1407 703 1470 animorum
736 1425 810 1469 ea
839 1408 1034 1484 prima
1065 1409 1192 1471 fuit.
1263 1418 1485 1486 postea
1531 1410 1757 1470 iustum
1797 1411 2024 1470 bellum
2054 1411 2159 1470 de-

193 1492 377 1554 cretis
407 1491 670 1555 civitatis
699 1494 856 1553 ultro
888 1491 1217 1571 indicendo
1251 1496 1493 1554 factum.
1561 1495 1802 1554 Attalus
1845 1493 2006 1554 enim
2046 1507 2154 1554 rex

193 1576 542 1652 Rhodiique
573 1573 882 1653 persecuti
913 1577 1231 1637 cedentem
1261 1577 1323 1636 in
1359 1577 1783 1639 Macedoniam
1811 1576 2153 1654 Philippum

191 1679 334 1724 cum
361 1660 662 1737 Aeginam
693 1660 1041 1734 venissent,
1091 1677 1204 1722 rex
1231 1660 1547 1722 Piraeeum
1586 1662 1982 1722 renovandae
2012 1677 2157 1722 con·

191 1745 654 1822 firmandaeque
699 1761 837 1806 cum
863 1743 1347 1806 Atheniensibus
1391 1744 1705 1806 societatis
1748 1762 1939 1807 causa
1978 1744 2157 1806 traie-

189 1829 292 1890 cit.
363 1827 578 1890 civitas
610 1827 808 1891 omnis
841 1828 1085 1890 obviam
1114 1829 1315 1890 effusa
1344 1845 1482 1891 cum
1513 1827 1878 1904 coniugibus
1906 1845 1979 1889 ac
2009 1827 2157 1889 libe-

187 1911 307 1988 τῖε,
360 1913 717 1974 sacerdotes
761 1929 898 1973 cum
940 1911 1285 1989 insignibus
1330 1912 1461 1974 suis
1491 1911 1814 1974 intrantem
1840 1912 2055 1973 urbem
2084 1927 2158 1973 ac

184 1997 256 2059 di
281 2013 481 2073 prope
509 1996 630 2074 ipsi
661 1996 844 2059 exciti
875 1996 1130 2059 sedibus
1159 1998 1291 2059 suis
1321 2005 1711 2073 acceperunt.
1754 1998 1886 2059 XV.
1917 1997 1978 2058 in
2010 2014 2157 2057 con-

191 2082 420 2143 :ionem
452 2084 761 2157 extemplo
794 2082 1063 2157 populus
1093 2089 1386 2157 vocatus,
1418 2090 1485 2143 ut
1510 2098 1623 2143 rex
1654 2098 1813 2156 quae
1840 2083 2027 2143 vellet
2055 2097 2156 2141 co-

185 2182 324 2229 ram
374 2173 612 2241 ageret;
665 2165 892 2226 deinde
932 2182 1012 2225 ex
1053 2165 1347 2241 dignitate
1387 2165 1584 2240 magis
1634 2165 1837 2225 visum
1888 2164 2160 2227 scribere

185 2266 334 2311 eum
362 2250 440 2309 dc
471 2246 694 2325 quibus
721 2248 1064 2322 videretur,
1110 2265 1292 2323 quam
1336 2257 1725 2323 praesentem
1760 2257 1865 2309 aut
1890 2250 2160 2309 reseren-

190 2333 288 2393 dis
321 2332 452 2394 suis
480 2333 543 2392 in
575 2331 882 2394 civitatem
909 2331 1230 2393 beneficiis
1263 2333 1663 2404 erubescere,
1718 2337 1824 2390 aut
1852 2328 2158 2405 significa-

185 2415 462 2479 tionibus
485 2414 1153 2491 acclamationibusque
1175 2414 1577 2477 multitudinis
1602 2412 2028 2476 adsentatione
2050 2413 2159 2475 im-

187 2501 439 2562 modica
469 2502 768 2576 pudorem
798 2498 1128 2563 onerantis.
1200 2498 1262 2559 in
1294 2499 1507 2562 litteris
1546 2509 1776 2571 autem,
1813 2517 1974 2575 quae
2012 2496 2159 2559 mis-

185 2600 300 2644 sae
333 2582 393 2643 in
427 2584 776 2645 contionem
815 2584 1231 2659 recitataeque
1261 2593 1431 2657 sunt,
1484 2582 1987 2645 'commemoratio
2030 2588 2154 2645 erat

181 2667 632 2730 beneficiorum
661 2668 924 2743 primum
952 2668 1014 2727 in
1046 2666 1353 2729 civitatem
1382 2684 1650 2741 suorum,
1684 2667 1908 2728 deinde
1936 2683 2153 2741 rerum,

183 2767 351 2827 quas
381 2753 684 2814 adversus
710 2751 1058 2827 Philippum
1087 2752 1408 2827 gessisset,
1430 2753 1513 2812 ad
1535 2760 1913 2829 postremum
1936 2750 2155 2811 adhor-

181 2834 338 2896 tatio
367 2835 742 2912 capessendi
767 2834 930 2908 belli,
963 2837 1106 2897 dum
1133 2852 1220 2909 se,
1253 2836 1398 2897 dum
1424 2836 1722 2909 Rhodios,
1754 2845 1881 2896 tum
1912 2833 2160 2911 quidem

179 2920 334 2979 dum
367 2919 550 2981 etiam
575 2920 891 2981 Romanos
919 2919 1234 2981 haberent.
1278 2919 1655 2996 nequiquam
1684 2928 1919 2995 postea,
1954 2919 2007 2978 si
2035 2927 2162 2978 tum

181 3012 568 3077 cessassent,
601 3002 1100 3079 praetermissam
1132 3003 1525 3066 occasionem
1558 3001 1967 3079 quaesituros.
1994 3001 2161 3063 Rho-

179 3084 273 3146 dii
305 3086 534 3149 deinde
563 3088 747 3163 legati
775 3085 965 3149 auditi
995 3097 1166 3161 sunt;
1209 3105 1469 3163 quorum
1511 3102 1732 3147 recens
1773 3093 1903 3145 erat
1928 3084 2159 3145 benefi-

181 3168 386 3243 cium,
446 3173 618 3247 quod
657 3188 849 3233 naves
881 3174 1096 3248 longas
1135 3180 1422 3251 quattuor
1449 3166 1916 3231 Atheniensium
1948 3175 2161 3244 captas

182 3271 390 3332 nuper
440 3255 518 3315 ab
557 3254 1006 3318 Macedonibus
1050 3262 1573 3331 recuperatasque
1601 3252 1979 3313 remiserant.
2051 3250 2161 3312 ita-

179 3356 310 3413 que
341 3338 577 3415 ingenti
607 3356 920 3401 consensu
945 3339 1174 3401 bellum
1214 3338 1519 3399 adversus
1562 3336 1908 3413 Philippum
1949 3337 2162 3399 decre·

177 3432 334 3484 tum.
428 3423 701 3484 honores
742 3425 872 3500 regi
917 3421 1180 3498 primum
1209 3422 1411 3483 Attalo
1442 3419 1783 3495 immodici,
1835 3420 2060 3482 deinde
2102 3428 2164 3481 et

177 3506 451 3570 Rhodiis
479 3505 692 3567 habiti.
739 3515 860 3568 tum
895 3506 1154 3583 primum
1183 3506 1408 3568 mentio
1440 3505 1625 3567 inlata
1656 3505 1733 3567 de
1764 3504 1942 3577 tribu,
1976 3521 2163 3579 quam
