2548 3950
526 277 534 280 ,
649 203 878 263 LIBER
908 203 1116 264 xxxr.
1164 203 1331 266 cAP.
1360 212 1448 266 29.
1496 211 1567 278 [a.
1593 209 1810 277 emo]
2116 205 2206 268 25

237 357 419 434 legati
461 356 576 416 iter
618 351 1062 430 accelerarunt,
1113 362 1174 416 et
1215 371 1253 416 a
1296 354 1551 417 consule
1603 357 1831 418 missus
1873 359 1939 418 L.
1978 359 2197 421 Furius

233 441 536 516 Purpurio
579 436 820 513 legatus
861 440 1045 499 venit.
1121 437 1587 501 Atheniensium
1628 441 1878 518 quoque
1906 443 2087 519 legati
2118 445 2197 504 ad

229 525 297 586 id
328 521 655 608 concilium
684 530 1096 584 occurrerunt.
1172 520 1351 600 primi
1378 523 1771 599 MacedoneS,
1804 519 1942 588 cu‘m
1973 527 2199 602 quibus

227 607 724 682 recentissimum
753 607 973 668 foedus
1004 614 1151 679 erat,
1183 605 1373 668 auditi
1404 611 1562 669 sunt.
1616 607 1719 684 qui
1746 611 1912 669 nulla
1938 625 2101 672 nova
2128 627 2197 671 re

230 679 383 754 nihil
425 701 496 752 se
536 689 683 751 novi
722 689 984 765 habere,
1029 692 1196 768 quo’d
1231 691 1570 766 adferrent,
1612 691 1925 754 dixeruntz
1972 696 2197 770 quibus

230 774 518 858 enimffde
560 775 766 835 causis
807 782 1063 851 experta
1103 773 1298 836 inutili
1340 775 1633 837 societate
1672 773 1949 838 Romana
1977 794 2197 854 pacem

231 861 374 921 cu'tn
394 849 675 935 Philippo
707 858 1018 932 fecissent,
1049 857 1451 940 compositam
1482 862 1671 919 semel
1704 873 1920 936 pacem
1942 877 2196 922 servare

230 959 347 1005 eos
384 939 631 1004 debere.
699 954 819 1016 „an
847 939 1108 1002 imitari“
1149 939 1347 1017 inquit
1372 957 1534 1002 unus
1565 958 1643 1002 ex
1674 943 1891 1018 legatis
1931 946 2195 1019 „Roma-

228 1025 454 1088 norum
481 1025 806 1098 licentiam,
847 1041 924 1085 an
955 1021 1259 1086 levitatem
1289 1024 1507 1101 dicam,
1536 1027 1865 1087 mavultis?
1918 1029 2022 1104 qui
2053 1045 2191 1089 cum

227 1111 451 1190 legatis
490 1109 715 1175 vestris
744 1097 977 1189 Romae
1017 1109 1388 1185 responderi
1421 1109 1504 1170 ita
1532 1110 1893 1172 iussissent:
1938 1113 2085 1187 quid
2114 1112 2195 1172 ad

229 1199 353 1257 nos
397 1190 647 1267 Venitis,
689 1194 922 1267 Aetoli,
962 1187 1102 1253 'sine
1133 1209 1395 1269 quorum
1422 1195 1779 1256 auctoritate
1810 1209 2023 1272 pacem
2056 1211 2195 1257 cum

230 1277 520 1356 Philippo
559 1272 834 1339 fecistis?
875 1275 1038 1338 idem
1080 1293 1243 1338 nunc
1284 1285 1353 1339 ut
1394 1278 1620 1339 bellum
1650 1293 1859 1340 secum
1892 1276 2195 1340 adversus

226 1363 579 1440 Philippum
608 1357 834 1438 geratis
863 1361 1194 1437 postulant.
1266 1370 1329 1423 et
1355 1363 1535 1422 antea
1562 1369 1815 1438 propter
1843 1379 1959 1423 vos
1990 1371 2052 1424 et
2076 1379 2195 1438 pro

227 1448 410 1510 vobis
451 1462 619 1507 arma
660 1451 906 1522 sumpta
947 1446 1246 1506 adversus
1279 1462 1418 1506 eum
1448 1442 1841 1506 'simulabanta
1886 1460 2048 1507 nunc
2076 1463 2194 1508 vos

228 1531 292 1594 in
321 1546 480 1609 pace
509 1545 654 1592 esse
685 1544 822 1590 cum
850 1527 1133 1605 Philippo
1164 1529 1511 1612 prohibent.
1571 1527 1899 1591 Messanae
1926 1539 1994 1592 ut
2022 1530 2192 1590 auxi-

227 1615 314 1678 lio
359 1613 600 1688 essent,
641 1613 838 1690 primo
880 1611 941 1673 in
985 1611 1254 1673 Siciliam
1295 1607 1831 1684 transcenderunt3
1883 1613 2099 1675 iterum
2127 1621 2196 1674 ut

231 1700 584 1780 Syracusas
628 1713 967 1774 oppressas
1009 1696 1087 1757 ab
1119 1696 1717 1772 Carthaginiensibus
1749 1697 1810 1757 in
1852 1697 2191 1759 libertatem

229 1785 598 1845 eximerent=
645 1789 706 1843 et
731 1781 1080 1844 Messanam
1121 1787 1182 1843 et
1217 1781 1563 1860 Syracusas
1606 1788 1667 1842 et
1707 1782 1895 1843 totam
1924 1779 2193 1842 Siciliam

229 1869 356 1945 ipsi
383 1867 626 1940 habent,
659 1865 1144 1941 vectigalemque
1172 1863 1556 1943 provinciam
1579 1865 1899 1926 securibus
1923 1873 1983 1924 et
2011 1863 2191 1924 fasci-

227 1954 348 2014 bus
375 1950 782 2013 subiecerunt.
815 1947 1050 2011 scilicet
1071 1947 1230 2012 sicut
1247 1965 1365 2011 vos
1386 1947 1684 2025 Naupacti
1707 1947 1945 2025 legibus
1968 1947 2195 2010 vestris

231 2053 349 2113 per
375 2036 766 2111 magistratus
792 2051 829 2095 a
847 2033 1028 2095 vobis
1053 2042 1297 2095 creatos
1321 2034 1644 2095 concilium
1667 2033 1923 2108 habetis,
1956 2034 2194 2095 socium

230 2121 602 2195 hostemque
639 2119 831 2179 libere
872 2134 1056 2194 quem
1093 2118 1296 2179 velitis
1324 2117 1568 2190 lecturi,
1615 2132 1834 2194 pacem
1862 2132 1936 2177 ac
1966 2117 2191 2177 bellurn

231 2202 480 2265 arbitrio
520 2202 783 2263 habituri
822 2208 1064 2275 vestro,
1109 2200 1200 2261 sic
1236 2199 1585 2262 Siculorum
1628 2199 1974 2261 civitatibus
2005 2199 2193 2277 Syra-

232 2303 420 2349 cusas
461 2282 566 2347 aut‘
588 2285 942 2347 Messanam
983 2292 1088 2345 aut
1113 2285 1473 2360 Lilybaeum
1513 2283 1799 2343 indicitur
1839 2281 2196 2342 conciliumz

232 2380 480 2448 praetor
501 2371 816 2431 Romanus
843 2376 1185 2432 conventus
1208 2366 1365 2441 agit,
1406 2382 1482 2428 eo
1501 2364 1758 2442 imperio
1783 2366 2023 2427 evocati
2048 2380 2193 2427 con-

229 2455 512 2525 veniunt3
578 2455 830 2517 excelso
873 2454 934 2513 in
976 2458 1277 2529 suggestu
1324 2451 1595 2527 superba
1642 2448 1779 2511 iura
1815 2450 2193 2523 reddentem,

233 2540 518 2615 stipatum
557 2537 869 2599 lictoribus
898 2537 1139 2609 vident3
1188 2534 1396 2611 virgae
1424 2542 1617 2611 tergo,
1661 2548 1913 2595 secures
1941 2531 2195 2594 cervici-

231 2622 349 2685 bus
377 2621 724 2693 imminent3
773 2629 834 2684 et
875 2620 1203 2697 quotannis
1233 2620 1417 2681 alium
1452 2625 1639 2695 atque
1666 2617 1852 2679 alium
1882 2617 2197 2678 dominum

233 2706 588 2770 sortiuntur.
651 2714 770 2767 n‘ec
796 2706 860 2766 id
889 2704 1094 2766 mirari
1122 2704 1354 2765 debent
1376 2710 1481 2764 aut
1508 2710 1790 2779 possunt,
1822 2716 1960 2761 cum
1986 2699 2198 2761 Iuniae

229 2792 449 2868 urbes,
489 2790 750 2867 Regium
777 2790 1102 2851 Tarentum
1132 2788 1433 2863 Capuam,
1478 2802 1558 2847 ne
1586 2784 1903 2857 finitimae,
1937 2798 2195 2859 quarum

231 2874 426 2937 ruinis
471 2874 662 2935 crevit
701 2874 852 2934 urbs
879 2874 1106 2947 Rom'a,
1147 2871 1484 2943 nominem,
1531 2869 1731 2931 eidem
1767 2867 2077 2930 subiectas
2105 2866 2196 2925 vi·

233 2959 420 3020 deant
451 2957 728 3035 imperio.
793 2957 1002 3032 Capua
1031 2957 1308 3034 quidem,
1351 2956 1703 3030 sepulcrum
1732 2968 1805 3014 ac
1836 2965 2194 3012 monumen-

232 3051 356 3104 tum
389 3041 683 3119 Campani
724 3040 969 3117 populi,
1011 3042 1172 3100 elato
1215 3047 1277 3100 et
1305 3037 1534 3099 extorri
1564 3038 1761 3099 eiecto
1792 3036 1932 3109 ipso
1962 3034 2197 3109 populo

233 3132 549 3202 superest,
589 3124 740 3187 urbs
779 3134 1019 3196 trunca,
1066 3122 1206 3185 sine'
1229 3128 1478 3189 senatu,
1511 3122 1649 3180 sine
1675 3119 1875 3195 plebe,
1906 3116 2041 3175 sine
2068 3127 2192 3173 rna·

230 3208 621 3285 gistratibus,
659 3207 1039 3285 prodigium,
1067 3205 1282 3267 relicta
1316 3203 1631 3265 crudelius
1652 3199 1984 3262 habitanda
2014 3214 2196 3273 quam

231 3294 285 3355 si
328 3296 535 3356 deleta
577 3294 751 3353 foret.
818 3294 986 3352 furor
1027 3297 1154 3361 est,
1195 3286 1251 3349 si
1282 3287 1660 3361 alienigenae
1699 3282 2011 3356 homineS,
2054 3284 2199 3359 plus

231 3377 438 3453 lingua
484 3384 556 3438 et²
586 3376 860 3437 moribus
909 3380 969 3435 et
1015 3372 1255 3449 legibus
1312 3376 1515 3447 quam·
1543 3369 1739 3431 maria²
1777 3376 2199 3443 terrarumque

227 3461 435 3539 spatio
467 3459 740 3534 discreti,
781 3460 936 3521 haec
967 3455 1300 3529 tenuerint,
1332 3460 1586 3532 sperare
1617 3448 1946 3531 quicquam
1976 3450 2199 3512 eodem
