<?xml version="1.0" encoding="UTF-8"?>
<!DOCTYPE html PUBLIC "-//W3C//DTD XHTML 1.0 Transitional//EN"
    "http://www.w3.org/TR/xhtml1/DTD/xhtml1-transitional.dtd">
<html xmlns="http://www.w3.org/1999/xhtml" xml:lang="en" lang="en">
 <head>
  <title>
</title>
<meta http-equiv="Content-Type" content="text/html;charset=utf-8" />
  <meta name='ocr-system' content='tesseract 3.04.00' />
  <meta name='ocr-capabilities' content='ocr_page ocr_carea ocr_par ocr_line ocrx_word'/>
</head>
<body>
  <div class='ocr_page' id='page_1' title='image "./aburbeconditali14livygoog_0388.png"; bbox 0 0 2548 3950; ppageno 0'>
   <div class='ocr_carea' id='block_1_1' title="bbox 539 233 2205 310">
    <p class='ocr_par' dir='ltr' id='par_1_1' title="bbox 539 233 2205 310">
     <span class='ocr_line' id='line_1_1' title="bbox 539 233 2205 310; baseline 0.005 -16"><span class='ocrx_word' id='word_1_1' title='bbox 539 233 769 295; x_wconf 82' lang='lat' dir='ltr'><strong>LIBER</strong></span> <span class='ocrx_word' id='word_1_2' title='bbox 796 235 1119 296; x_wconf 86' lang='lat' dir='ltr'><strong>XXXVIII.</strong></span> <span class='ocrx_word' id='word_1_3' title='bbox 1161 235 1552 298; x_wconf 76' lang='lat' dir='ltr'><strong>CAP.45.46.</strong></span> <span class='ocrx_word' id='word_1_4' title='bbox 1595 243 1668 310; x_wconf 71' lang='lat' dir='ltr'>[a.</span> <span class='ocrx_word' id='word_1_5' title='bbox 1695 242 1762 295; x_wconf 88' lang='lat' dir='ltr'>c.</span> <span class='ocrx_word' id='word_1_6' title='bbox 1785 243 1910 310; x_wconf 77' lang='lat'>187]</span> <span class='ocrx_word' id='word_1_7' title='bbox 2082 237 2205 303; x_wconf 77' lang='lat'>361</span> 
     </span>
    </p>
   </div>
   <div class='ocr_carea' id='block_1_2' title="bbox 248 385 2214 2046">
    <p class='ocr_par' dir='ltr' id='par_1_2' title="bbox 248 385 2214 2046">
     <span class='ocr_line' id='line_1_2' title="bbox 256 385 2212 464; baseline 0 -14"><span class='ocrx_word' id='word_1_8' title='bbox 256 388 593 450; x_wconf 80' lang='lat' dir='ltr'>temeritate</span> <span class='ocrx_word' id='word_1_9' title='bbox 619 385 1023 463; x_wconf 78' lang='lat' dir='ltr'>imperatoris,</span> <span class='ocrx_word' id='word_1_10' title='bbox 1060 391 1227 450; x_wconf 88' lang='lat' dir='ltr'>nullo</span> <span class='ocrx_word' id='word_1_11' title='bbox 1254 388 1524 464; x_wconf 83' lang='lat' dir='ltr'>gentium</span> <span class='ocrx_word' id='word_1_12' title='bbox 1547 389 1677 448; x_wconf 89' lang='lat' dir='ltr'>iure</span> <span class='ocrx_word' id='word_1_13' title='bbox 1702 389 1924 448; x_wconf 88' lang='lat' dir='ltr'>bellum</span> <span class='ocrx_word' id='word_1_14' title='bbox 1946 391 2212 450; x_wconf 68' lang='lat' dir='ltr'>inferen-</span> 
     </span>
     <span class='ocr_line' id='line_1_3' title="bbox 250 471 2210 549; baseline 0.001 -15"><span class='ocrx_word' id='word_1_15' title='bbox 250 473 364 544; x_wconf 80' lang='lat' dir='ltr'>tis,</span> <span class='ocrx_word' id='word_1_16' title='bbox 404 485 643 546; x_wconf 86' lang='lat' dir='ltr'>poenas</span> <span class='ocrx_word' id='word_1_17' title='bbox 680 473 850 532; x_wconf 83' lang='lat' dir='ltr'>luere</span> <span class='ocrx_word' id='word_1_18' title='bbox 891 473 1225 533; x_wconf 85' lang='lat' dir='ltr'>exercitum</span> <span class='ocrx_word' id='word_1_19' title='bbox 1254 473 1610 541; x_wconf 82' lang='lat' dir='ltr'>noluerunt3</span> <span class='ocrx_word' id='word_1_20' title='bbox 1656 471 1878 531; x_wconf 85' lang='lat' dir='ltr'>deinde</span> <span class='ocrx_word' id='word_1_21' title='bbox 1909 474 2074 549; x_wconf 90' lang='lat' dir='ltr'>quod</span> <span class='ocrx_word' id='word_1_22' title='bbox 2104 475 2210 535; x_wconf 89' lang='lat' dir='ltr'>be-</span> 
     </span>
     <span class='ocr_line' id='line_1_4' title="bbox 253 553 2211 629; baseline 0.001 -13"><span class='ocrx_word' id='word_1_23' title='bbox 253 557 409 626; x_wconf 71' lang='lat' dir='ltr'>luae,</span> <span class='ocrx_word' id='word_1_24' title='bbox 439 568 565 614; x_wconf 83' lang='lat' dir='ltr'>non</span> <span class='ocrx_word' id='word_1_25' title='bbox 592 553 787 615; x_wconf 85' lang='lat' dir='ltr'>hostis</span> <span class='ocrx_word' id='word_1_26' title='bbox 816 554 997 616; x_wconf 82' lang='lat' dir='ltr'>nobis</span> <span class='ocrx_word' id='word_1_27' title='bbox 1027 555 1442 617; x_wconf 82' lang='lat' dir='ltr'>obiecerunt.“</span> <span class='ocrx_word' id='word_1_28' title='bbox 1481 555 1692 616; x_wconf 88' lang='lat' dir='ltr'>XLVI.</span> <span class='ocrx_word' id='word_1_29' title='bbox 1732 557 1959 629; x_wconf 88' lang='lat' dir='ltr'>„nolite</span> <span class='ocrx_word' id='word_1_30' title='bbox 1986 571 2211 618; x_wconf 81' lang='lat' dir='ltr'>nomen</span> 
     </span>
     <span class='ocr_line' id='line_1_5' title="bbox 251 637 2213 713; baseline 0.001 -14"><span class='ocrx_word' id='word_1_31' title='bbox 251 646 486 700; x_wconf 81' lang='lat' dir='ltr'>tantum</span> <span class='ocrx_word' id='word_1_32' title='bbox 530 637 885 698; x_wconf 76' lang='lat' dir='ltr'>existimare</span> <span class='ocrx_word' id='word_1_33' title='bbox 919 639 1173 701; x_wconf 82' lang='lat' dir='ltr'>mixtum</span> <span class='ocrx_word' id='word_1_34' title='bbox 1207 653 1354 700; x_wconf 81' lang='lat' dir='ltr'>esse</span> <span class='ocrx_word' id='word_1_35' title='bbox 1395 638 1934 713; x_wconf 69' lang='lat' dir='ltr'>Gallograecorum</span> <span class='ocrx_word' id='word_1_36' title='bbox 1948 662 1968 694; x_wconf 69' lang='lat' dir='ltr'>s</span> <span class='ocrx_word' id='word_1_37' title='bbox 2021 642 2213 701; x_wconf 81' lang='lat' dir='ltr'>multo</span> 
     </span>
     <span class='ocr_line' id='line_1_6' title="bbox 254 720 2211 798; baseline 0.002 -18"><span class='ocrx_word' id='word_1_38' title='bbox 254 729 401 782; x_wconf 86' lang='lat' dir='ltr'>ante</span> <span class='ocrx_word' id='word_1_39' title='bbox 426 727 489 780; x_wconf 87' lang='lat' dir='ltr'>et</span> <span class='ocrx_word' id='word_1_40' title='bbox 528 733 794 798; x_wconf 83' lang='lat' dir='ltr'>corpora</span> <span class='ocrx_word' id='word_1_41' title='bbox 833 729 895 782; x_wconf 87' lang='lat' dir='ltr'>et</span> <span class='ocrx_word' id='word_1_42' title='bbox 920 721 1102 787; x_wconf 82' lang='lat' dir='ltr'>animi</span> <span class='ocrx_word' id='word_1_43' title='bbox 1141 720 1315 782; x_wconf 82' lang='lat' dir='ltr'>mixti</span> <span class='ocrx_word' id='word_1_44' title='bbox 1343 736 1417 781; x_wconf 91' lang='lat' dir='ltr'>ac</span> <span class='ocrx_word' id='word_1_45' title='bbox 1442 721 1634 781; x_wconf 85' lang='lat' dir='ltr'>vitiati</span> <span class='ocrx_word' id='word_1_46' title='bbox 1665 728 1824 783; x_wconf 88' lang='lat' dir='ltr'>sunt.</span> <span class='ocrx_word' id='word_1_47' title='bbox 1890 738 1998 794; x_wconf 86' lang='lat' dir='ltr'>an,</span> <span class='ocrx_word' id='word_1_48' title='bbox 2045 724 2098 783; x_wconf 89' lang='lat' dir='ltr'>si</span> <span class='ocrx_word' id='word_1_49' title='bbox 2126 724 2211 784; x_wconf 82' lang='lat' dir='ltr'>illi</span> 
     </span>
     <span class='ocr_line' id='line_1_7' title="bbox 254 804 2212 880; baseline 0 -14"><span class='ocrx_word' id='word_1_50' title='bbox 254 804 411 866; x_wconf 82' lang='lat' dir='ltr'>Galli</span> <span class='ocrx_word' id='word_1_51' title='bbox 450 812 663 867; x_wconf 82' lang='lat' dir='ltr'>essent·</span> <span class='ocrx_word' id='word_1_52' title='bbox 699 819 836 866; x_wconf 89' lang='lat' dir='ltr'>cum</span> <span class='ocrx_word' id='word_1_53' title='bbox 890 805 1111 880; x_wconf 84' lang='lat' dir='ltr'>quibus</span> <span class='ocrx_word' id='word_1_54' title='bbox 1157 805 1418 866; x_wconf 83' lang='lat' dir='ltr'>milliens</span> <span class='ocrx_word' id='word_1_55' title='bbox 1457 805 1628 866; x_wconf 82' lang='lat' dir='ltr'>vario</span> <span class='ocrx_word' id='word_1_56' title='bbox 1672 811 1897 866; x_wconf 84' lang='lat' dir='ltr'>eventu</span> <span class='ocrx_word' id='word_1_57' title='bbox 1938 805 2000 866; x_wconf 79' lang='lat' dir='ltr'>in</span> <span class='ocrx_word' id='word_1_58' title='bbox 2039 807 2212 868; x_wconf 81' lang='lat' dir='ltr'>Italia</span> 
     </span>
     <span class='ocr_line' id='line_1_8' title="bbox 250 889 2213 964; baseline 0.001 -16"><span class='ocrx_word' id='word_1_59' title='bbox 250 895 586 963; x_wconf 79' lang='lat' dir='ltr'>pugnatum</span> <span class='ocrx_word' id='word_1_60' title='bbox 615 895 727 962; x_wconf 89' lang='lat' dir='ltr'>est,</span> <span class='ocrx_word' id='word_1_61' title='bbox 760 895 1051 964; x_wconf 87' lang='lat' dir='ltr'>quantum</span> <span class='ocrx_word' id='word_1_62' title='bbox 1079 889 1141 948; x_wconf 89' lang='lat' dir='ltr'>in</span> <span class='ocrx_word' id='word_1_63' title='bbox 1170 889 1537 963; x_wconf 76' lang='lat' dir='ltr'>imperatore</span> <span class='ocrx_word' id='word_1_64' title='bbox 1562 895 1771 950; x_wconf 87' lang='lat' dir='ltr'>vestro</span> <span class='ocrx_word' id='word_1_65' title='bbox 1802 889 1930 962; x_wconf 72' lang='lat' dir='ltr'>mit,</span> <span class='ocrx_word' id='word_1_66' title='bbox 1961 890 2213 951; x_wconf 87' lang='lat' dir='ltr'>nuntius</span> 
     </span>
     <span class='ocr_line' id='line_1_9' title="bbox 249 970 2211 1051; baseline 0.003 -22"><span class='ocrx_word' id='word_1_67' title='bbox 249 971 418 1032; x_wconf 86' lang='lat' dir='ltr'>illinc</span> <span class='ocrx_word' id='word_1_68' title='bbox 444 970 754 1032; x_wconf 68' lang='lat' dir='ltr'>redisset?</span> <span class='ocrx_word' id='word_1_69' title='bbox 796 971 891 1032; x_wconf 87' lang='lat' dir='ltr'>bis</span> <span class='ocrx_word' id='word_1_70' title='bbox 922 987 1061 1033; x_wconf 85' lang='lat' dir='ltr'>cum</span> <span class='ocrx_word' id='word_1_71' title='bbox 1088 971 1163 1032; x_wconf 87' lang='lat' dir='ltr'>iis</span> <span class='ocrx_word' id='word_1_72' title='bbox 1192 979 1530 1047; x_wconf 81' lang='lat' dir='ltr'>pugnatum</span> <span class='ocrx_word' id='word_1_73' title='bbox 1557 979 1670 1045; x_wconf 87' lang='lat' dir='ltr'>est,</span> <span class='ocrx_word' id='word_1_74' title='bbox 1703 972 1798 1030; x_wconf 89' lang='lat' dir='ltr'>bis</span> <span class='ocrx_word' id='word_1_75' title='bbox 1825 973 1966 1033; x_wconf 84' lang='lat' dir='ltr'>loco</span> <span class='ocrx_word' id='word_1_76' title='bbox 1993 973 2211 1051; x_wconf 89' lang='lat' dir='ltr'>iniquo</span> 
     </span>
     <span class='ocr_line' id='line_1_10' title="bbox 252 1053 2212 1130; baseline 0.002 -16"><span class='ocrx_word' id='word_1_77' title='bbox 252 1053 468 1129; x_wconf 86' lang='lat' dir='ltr'>subiit,</span> <span class='ocrx_word' id='word_1_78' title='bbox 518 1055 579 1114; x_wconf 88' lang='lat' dir='ltr'>ln</span> <span class='ocrx_word' id='word_1_79' title='bbox 628 1055 785 1114; x_wconf 82' lang='lat' dir='ltr'>valle</span> <span class='ocrx_word' id='word_1_80' title='bbox 832 1055 1123 1116; x_wconf 78' lang='lat' dir='ltr'>inferiore</span> <span class='ocrx_word' id='word_1_81' title='bbox 1162 1053 1426 1130; x_wconf 83' lang='lat' dir='ltr'>pedibus</span> <span class='ocrx_word' id='word_1_82' title='bbox 1468 1069 1668 1130; x_wconf 79' lang='lat' dir='ltr'>paene</span> <span class='ocrx_word' id='word_1_83' title='bbox 1705 1055 1976 1115; x_wconf 77' lang='lat' dir='ltr'>hostium</span> <span class='ocrx_word' id='word_1_84' title='bbox 2016 1056 2212 1117; x_wconf 86' lang='lat' dir='ltr'>aciem</span> 
     </span>
     <span class='ocr_line' id='line_1_11' title="bbox 252 1137 2208 1214; baseline 0.001 -16"><span class='ocrx_word' id='word_1_85' title='bbox 252 1137 531 1198; x_wconf 87' lang='lat' dir='ltr'>subiecit.</span> <span class='ocrx_word' id='word_1_86' title='bbox 571 1145 641 1198; x_wconf 81' lang='lat' dir='ltr'>ut</span> <span class='ocrx_word' id='word_1_87' title='bbox 667 1155 799 1198; x_wconf 88' lang='lat' dir='ltr'>non·</span> <span class='ocrx_word' id='word_1_88' title='bbox 821 1139 943 1198; x_wconf 88' lang='lat' dir='ltr'>tela</span> <span class='ocrx_word' id='word_1_89' title='bbox 970 1153 1050 1198; x_wconf 83' lang='lat' dir='ltr'>ex</span> <span class='ocrx_word' id='word_1_90' title='bbox 1080 1138 1404 1214; x_wconf 83' lang='lat' dir='ltr'>superiore</span> <span class='ocrx_word' id='word_1_91' title='bbox 1431 1139 1570 1199; x_wconf 90' lang='lat' dir='ltr'>loco</span> <span class='ocrx_word' id='word_1_92' title='bbox 1591 1139 1910 1213; x_wconf 81' lang='lat' dir='ltr'>mitterent,</span> <span class='ocrx_word' id='word_1_93' title='bbox 1937 1140 2053 1199; x_wconf 84' lang='lat' dir='ltr'>sed</span> <span class='ocrx_word' id='word_1_94' title='bbox 2075 1154 2208 1199; x_wconf 89' lang='lat' dir='ltr'>cor-</span> 
     </span>
     <span class='ocr_line' id='line_1_12' title="bbox 250 1221 2210 1297; baseline -0.001 -15"><span class='ocrx_word' id='word_1_95' title='bbox 250 1235 409 1296; x_wconf 82' lang='lat' dir='ltr'>pora</span> <span class='ocrx_word' id='word_1_96' title='bbox 436 1235 550 1281; x_wconf 89' lang='lat' dir='ltr'>sua</span> <span class='ocrx_word' id='word_1_97' title='bbox 576 1222 743 1280; x_wconf 84' lang='lat' dir='ltr'>nuda</span> <span class='ocrx_word' id='word_1_98' title='bbox 769 1221 1079 1295; x_wconf 77' lang='lat' dir='ltr'>inicerent,</span> <span class='ocrx_word' id='word_1_99' title='bbox 1109 1223 1370 1281; x_wconf 79' lang='lat' dir='ltr'>obruere</span> <span class='ocrx_word' id='word_1_100' title='bbox 1391 1237 1508 1282; x_wconf 85' lang='lat' dir='ltr'>nos</span> <span class='ocrx_word' id='word_1_101' title='bbox 1531 1228 1874 1296; x_wconf 75' lang='lat' dir='ltr'>potuerunt.</span> <span class='ocrx_word' id='word_1_102' title='bbox 1923 1222 2073 1297; x_wconf 86' lang='lat' dir='ltr'>quid</span> <span class='ocrx_word' id='word_1_103' title='bbox 2099 1222 2210 1297; x_wconf 82' lang='lat' dir='ltr'>igi-</span> 
     </span>
     <span class='ocr_line' id='line_1_13' title="bbox 250 1303 2210 1379; baseline 0.001 -13"><span class='ocrx_word' id='word_1_104' title='bbox 250 1311 351 1366; x_wconf 84' lang='lat' dir='ltr'>tur</span> <span class='ocrx_word' id='word_1_105' title='bbox 390 1303 647 1364; x_wconf 65' lang='lat' dir='ltr'>incidit?</span> <span class='ocrx_word' id='word_1_106' title='bbox 697 1317 919 1378; x_wconf 77' lang='lat' dir='ltr'>magna</span> <span class='ocrx_word' id='word_1_107' title='bbox 961 1304 1205 1363; x_wconf 80' lang='lat' dir='ltr'>fortuna-</span> <span class='ocrx_word' id='word_1_108' title='bbox 1231 1305 1444 1378; x_wconf 75' lang='lat' dir='ltr'>populi</span> <span class='ocrx_word' id='word_1_109' title='bbox 1469 1305 1732 1366; x_wconf 85' lang='lat' dir='ltr'>Romani</span> <span class='ocrx_word' id='word_1_110' title='bbox 1758 1311 1881 1378; x_wconf 85' lang='lat' dir='ltr'>est,</span> <span class='ocrx_word' id='word_1_111' title='bbox 1922 1320 2210 1379; x_wconf 79' lang='lat' dir='ltr'>magnum</span> 
     </span>
     <span class='ocr_line' id='line_1_14' title="bbox 254 1385 2209 1463; baseline 0.001 -16"><span class='ocrx_word' id='word_1_112' title='bbox 254 1394 321 1448; x_wconf 82' lang='lat' dir='ltr'>et</span> <span class='ocrx_word' id='word_1_113' title='bbox 344 1386 613 1448; x_wconf 79' lang='lat' dir='ltr'>terribile</span> <span class='ocrx_word' id='word_1_114' title='bbox 651 1401 895 1447; x_wconf 87' lang='lat' dir='ltr'>nomen.</span> <span class='ocrx_word' id='word_1_115' title='bbox 946 1387 1179 1448; x_wconf 78' lang='lat' dir='ltr'>recenti</span> <span class='ocrx_word' id='word_1_116' title='bbox 1202 1387 1384 1447; x_wconf 85' lang='lat' dir='ltr'>ruina</span> <span class='ocrx_word' id='word_1_117' title='bbox 1407 1385 1768 1448; x_wconf 71' lang='lat' dir='ltr'>Hannibalis</span> <span class='ocrx_word' id='word_1_118' title='bbox 1793 1387 2055 1463; x_wconf 86' lang='lat' dir='ltr'>Philippi</span> <span class='ocrx_word' id='word_1_119' title='bbox 2081 1390 2209 1449; x_wconf 78' lang='lat' dir='ltr'>An-</span> 
     </span>
     <span class='ocr_line' id='line_1_15' title="bbox 248 1470 2214 1546; baseline 0 -14"><span class='ocrx_word' id='word_1_120' title='bbox 248 1471 437 1532; x_wconf 86' lang='lat' dir='ltr'>tiochi</span> <span class='ocrx_word' id='word_1_121' title='bbox 468 1483 666 1546; x_wconf 79' lang='lat' dir='ltr'>prope</span> <span class='ocrx_word' id='word_1_122' title='bbox 696 1470 933 1531; x_wconf 81' lang='lat' dir='ltr'>attoniti</span> <span class='ocrx_word' id='word_1_123' title='bbox 962 1477 1165 1530; x_wconf 76' lang='lat' dir='ltr'>erantx</span> <span class='ocrx_word' id='word_1_124' title='bbox 1208 1476 1414 1530; x_wconf 67' lang='lat' dir='ltr'>tantae</span> <span class='ocrx_word' id='word_1_125' title='bbox 1437 1485 1764 1546; x_wconf 79' lang='lat' dir='ltr'>corporum</span> <span class='ocrx_word' id='word_1_126' title='bbox 1786 1470 1982 1531; x_wconf 88' lang='lat' dir='ltr'>moles</span> <span class='ocrx_word' id='word_1_127' title='bbox 2003 1471 2214 1533; x_wconf 76' lang='lat' dir='ltr'>fundis</span> 
     </span>
     <span class='ocr_line' id='line_1_16' title="bbox 251 1553 2212 1629; baseline 0 -15"><span class='ocrx_word' id='word_1_128' title='bbox 251 1553 617 1628; x_wconf 81' lang='lat' dir='ltr'>sagittisque</span> <span class='ocrx_word' id='word_1_129' title='bbox 655 1554 716 1613; x_wconf 90' lang='lat' dir='ltr'>in</span> <span class='ocrx_word' id='word_1_130' title='bbox 758 1553 965 1629; x_wconf 74' lang='lat' dir='ltr'>fugam</span> <span class='ocrx_word' id='word_1_131' title='bbox 1006 1559 1436 1614; x_wconf 79' lang='lat' dir='ltr'>consternatae</span> <span class='ocrx_word' id='word_1_132' title='bbox 1476 1562 1648 1628; x_wconf 79' lang='lat' dir='ltr'>sunt,</span> <span class='ocrx_word' id='word_1_133' title='bbox 1690 1555 1934 1629; x_wconf 84' lang='lat' dir='ltr'>gladius</span> <span class='ocrx_word' id='word_1_134' title='bbox 1973 1555 2033 1614; x_wconf 89' lang='lat' dir='ltr'>in</span> <span class='ocrx_word' id='word_1_135' title='bbox 2076 1554 2212 1614; x_wconf 89' lang='lat' dir='ltr'>acie</span> 
     </span>
     <span class='ocr_line' id='line_1_17' title="bbox 248 1635 2210 1706; baseline -0.001 -8"><span class='ocrx_word' id='word_1_136' title='bbox 248 1642 605 1698; x_wconf 82' lang='lat' dir='ltr'>cruentatus</span> <span class='ocrx_word' id='word_1_137' title='bbox 635 1651 760 1698; x_wconf 73' lang='lat' dir='ltr'>non</span> <span class='ocrx_word' id='word_1_138' title='bbox 788 1644 885 1698; x_wconf 89' lang='lat' dir='ltr'>est</span> <span class='ocrx_word' id='word_1_139' title='bbox 909 1635 1139 1697; x_wconf 84' lang='lat' dir='ltr'>Gallico</span> <span class='ocrx_word' id='word_1_140' title='bbox 1165 1636 1372 1706; x_wconf 82' lang='lat' dir='ltr'>bello;</span> <span class='ocrx_word' id='word_1_141' title='bbox 1398 1639 1568 1698; x_wconf 78' lang='lat' dir='ltr'>velut</span> <span class='ocrx_word' id='word_1_142' title='bbox 1595 1638 1798 1698; x_wconf 86' lang='lat' dir='ltr'>avium</span> <span class='ocrx_word' id='word_1_143' title='bbox 1825 1637 2108 1697; x_wconf 84' lang='lat' dir='ltr'>examina</span> <span class='ocrx_word' id='word_1_144' title='bbox 2129 1639 2210 1697; x_wconf 84' lang='lat' dir='ltr'>ad</span> 
     </span>
     <span class='ocr_line' id='line_1_18' title="bbox 252 1719 2212 1796; baseline 0 -16"><span class='ocrx_word' id='word_1_145' title='bbox 252 1721 553 1796; x_wconf 81' lang='lat' dir='ltr'>crepitum</span> <span class='ocrx_word' id='word_1_146' title='bbox 590 1719 855 1796; x_wconf 72' lang='lat' dir='ltr'>primm</span> <span class='ocrx_word' id='word_1_147' title='bbox 892 1719 1213 1782; x_wconf 80' lang='lat' dir='ltr'>missilium</span> <span class='ocrx_word' id='word_1_148' title='bbox 1256 1722 1602 1782; x_wconf 69' lang='lat' dir='ltr'>evolavere.</span> <span class='ocrx_word' id='word_1_149' title='bbox 1657 1728 1722 1781; x_wconf 78' lang='lat' dir='ltr'>at</span> <span class='ocrx_word' id='word_1_150' title='bbox 1757 1721 2008 1780; x_wconf 83' lang='lat' dir='ltr'>hercule</span> <span class='ocrx_word' id='word_1_151' title='bbox 2047 1720 2212 1780; x_wconf 83' lang='lat' dir='ltr'>idem</span> 
     </span>
     <span class='ocr_line' id='line_1_19' title="bbox 248 1803 2208 1881; baseline 0 -17"><span class='ocrx_word' id='word_1_152' title='bbox 248 1817 385 1878; x_wconf 76' lang='lat' dir='ltr'>noS‚</span> <span class='ocrx_word' id='word_1_153' title='bbox 414 1803 783 1864; x_wconf 78' lang='lat' dir='ltr'>admonente</span> <span class='ocrx_word' id='word_1_154' title='bbox 807 1805 1065 1878; x_wconf 73' lang='lat' dir='ltr'>fortuna,</span> <span class='ocrx_word' id='word_1_155' title='bbox 1099 1804 1265 1881; x_wconf 89' lang='lat' dir='ltr'>quid,</span> <span class='ocrx_word' id='word_1_156' title='bbox 1297 1805 1352 1863; x_wconf 87' lang='lat' dir='ltr'>si</span> <span class='ocrx_word' id='word_1_157' title='bbox 1371 1804 1612 1866; x_wconf 82' lang='lat' dir='ltr'>hostem</span> <span class='ocrx_word' id='word_1_158' title='bbox 1631 1803 2079 1874; x_wconf 77' lang='lat' dir='ltr'>habuissemus,</span> <span class='ocrx_word' id='word_1_159' title='bbox 2107 1819 2208 1864; x_wconf 87' lang='lat' dir='ltr'>ca-</span> 
     </span>
     <span class='ocr_line' id='line_1_20' title="bbox 250 1885 2210 1960; baseline -0.001 -12"><span class='ocrx_word' id='word_1_160' title='bbox 250 1901 461 1948; x_wconf 76' lang='lat' dir='ltr'>surum</span> <span class='ocrx_word' id='word_1_161' title='bbox 488 1888 725 1960; x_wconf 61' lang='lat' dir='ltr'>inisset,</span> <span class='ocrx_word' id='word_1_162' title='bbox 758 1903 897 1948; x_wconf 83' lang='lat' dir='ltr'>cum</span> <span class='ocrx_word' id='word_1_163' title='bbox 924 1887 1253 1949; x_wconf 87' lang='lat' dir='ltr'>redeuntes</span> <span class='ocrx_word' id='word_1_164' title='bbox 1283 1886 1344 1945; x_wconf 89' lang='lat' dir='ltr'>in</span> <span class='ocrx_word' id='word_1_165' title='bbox 1372 1888 1744 1948; x_wconf 77' lang='lat' dir='ltr'>latrunculos</span> <span class='ocrx_word' id='word_1_166' title='bbox 1765 1885 2030 1946; x_wconf 77' lang='lat' dir='ltr'>Thracas</span> <span class='ocrx_word' id='word_1_167' title='bbox 2060 1887 2210 1946; x_wconf 88' lang='lat' dir='ltr'>inci·</span> 
     </span>
     <span class='ocr_line' id='line_1_21' title="bbox 250 1968 2206 2046; baseline -0.001 -15"><span class='ocrx_word' id='word_1_168' title='bbox 250 1971 579 2045; x_wconf 74' lang='lat' dir='ltr'>dissemuS,</span> <span class='ocrx_word' id='word_1_169' title='bbox 608 1972 795 2044; x_wconf 56' lang='lat' dir='ltr'>caesi,⁴</span> <span class='ocrx_word' id='word_1_170' title='bbox 826 1971 1033 2046; x_wconf 84' lang='lat' dir='ltr'>fugati,</span> <span class='ocrx_word' id='word_1_171' title='bbox 1066 1970 1232 2031; x_wconf 81' lang='lat' dir='ltr'>exuti</span> <span class='ocrx_word' id='word_1_172' title='bbox 1255 1970 1703 2045; x_wconf 78' lang='lat' dir='ltr'>impedimentis</span> <span class='ocrx_word' id='word_1_173' title='bbox 1731 1984 1964 2030; x_wconf 88' lang='lat' dir='ltr'>sumus.</span> <span class='ocrx_word' id='word_1_174' title='bbox 2012 1969 2078 2043; x_wconf 81' lang='lat' dir='ltr'>Q.</span> <span class='ocrx_word' id='word_1_175' title='bbox 2097 1968 2206 2029; x_wconf 81' lang='lat' dir='ltr'>Mi-</span> 
     </span>
    </p>
   </div>
   <div class='ocr_carea' id='block_1_3' title="bbox 120 2049 2214 2128">
    <p class='ocr_par' dir='ltr' id='par_1_3' title="bbox 120 2049 2214 2128">
     <span class='ocr_line' id='line_1_22' title="bbox 120 2049 2214 2128; baseline 0 -15"><span class='ocrx_word' id='word_1_176' title='bbox 120 2068 127 2073; x_wconf 88' lang='lat'>·</span> <span class='ocrx_word' id='word_1_177' title='bbox 248 2054 469 2113; x_wconf 84' lang='lat' dir='ltr'>nucius</span> <span class='ocrx_word' id='word_1_178' title='bbox 500 2054 823 2126; x_wconf 70' lang='lat' dir='ltr'>ThermuS,</span> <span class='ocrx_word' id='word_1_179' title='bbox 866 2054 927 2113; x_wconf 87' lang='lat' dir='ltr'>in</span> <span class='ocrx_word' id='word_1_180' title='bbox 972 2068 1094 2128; x_wconf 89' lang='lat' dir='ltr'>quo</span> <span class='ocrx_word' id='word_1_181' title='bbox 1136 2053 1306 2114; x_wconf 90' lang='lat' dir='ltr'>haud</span> <span class='ocrx_word' id='word_1_182' title='bbox 1347 2054 1528 2127; x_wconf 82' lang='lat' dir='ltr'>paulo</span> <span class='ocrx_word' id='word_1_183' title='bbox 1575 2049 1718 2128; x_wconf 88' lang='lat' dir='ltr'>plus</span> <span class='ocrx_word' id='word_1_184' title='bbox 1752 2052 1956 2113; x_wconf 85' lang='lat' dir='ltr'>damni</span> <span class='ocrx_word' id='word_1_185' title='bbox 1983 2054 2214 2114; x_wconf 82' lang='lat' dir='ltr'>factum</span> 
     </span>
    </p>
   </div>
   <div class='ocr_carea' id='block_1_4' title="bbox 246 2135 2214 3546">
    <p class='ocr_par' dir='ltr' id='par_1_4' title="bbox 246 2135 2214 3546">
     <span class='ocr_line' id='line_1_23' title="bbox 253 2135 2205 2211; baseline -0.001 -14"><span class='ocrx_word' id='word_1_186' title='bbox 253 2143 365 2211; x_wconf 87' lang='lat' dir='ltr'>est,</span> <span class='ocrx_word' id='word_1_187' title='bbox 399 2152 581 2211; x_wconf 87' lang='lat' dir='ltr'>quam</span> <span class='ocrx_word' id='word_1_188' title='bbox 609 2137 663 2197; x_wconf 92' lang='lat' dir='ltr'>si</span> <span class='ocrx_word' id='word_1_189' title='bbox 694 2136 796 2197; x_wconf 89' lang='lat' dir='ltr'>Cn.</span> <span class='ocrx_word' id='word_1_190' title='bbox 827 2136 1089 2197; x_wconf 84' lang='lat' dir='ltr'>Manlius</span> <span class='ocrx_word' id='word_1_191' title='bbox 1103 2181 1120 2210; x_wconf 91' lang='lat'>‚</span> <span class='ocrx_word' id='word_1_192' title='bbox 1153 2135 1328 2196; x_wconf 85' lang='lat' dir='ltr'>cuius</span> <span class='ocrx_word' id='word_1_193' title='bbox 1357 2137 1692 2197; x_wconf 81' lang='lat' dir='ltr'>temeritate</span> <span class='ocrx_word' id='word_1_194' title='bbox 1720 2151 1798 2196; x_wconf 84' lang='lat' dir='ltr'>ea</span> <span class='ocrx_word' id='word_1_195' title='bbox 1823 2136 2036 2197; x_wconf 80' lang='lat' dir='ltr'>clades</span> <span class='ocrx_word' id='word_1_196' title='bbox 2057 2136 2205 2196; x_wconf 87' lang='lat' dir='ltr'>inci-</span> 
     </span>
     <span class='ocr_line' id='line_1_24' title="bbox 250 2217 2212 2295; baseline 0 -16"><span class='ocrx_word' id='word_1_197' title='bbox 250 2220 442 2293; x_wconf 87' lang='lat' dir='ltr'>derat,</span> <span class='ocrx_word' id='word_1_198' title='bbox 475 2219 755 2295; x_wconf 82' lang='lat' dir='ltr'>perisset,</span> <span class='ocrx_word' id='word_1_199' title='bbox 780 2234 920 2279; x_wconf 87' lang='lat' dir='ltr'>cum</span> <span class='ocrx_word' id='word_1_200' title='bbox 942 2220 1143 2281; x_wconf 87' lang='lat' dir='ltr'>multis</span> <span class='ocrx_word' id='word_1_201' title='bbox 1165 2219 1314 2279; x_wconf 86' lang='lat' dir='ltr'>viris</span> <span class='ocrx_word' id='word_1_202' title='bbox 1339 2220 1600 2281; x_wconf 81' lang='lat' dir='ltr'>fortibus</span> <span class='ocrx_word' id='word_1_203' title='bbox 1619 2217 1872 2288; x_wconf 80' lang='lat' dir='ltr'>cecidit;</span> <span class='ocrx_word' id='word_1_204' title='bbox 1901 2219 2212 2281; x_wconf 83' lang='lat' dir='ltr'>exereitus</span> 
     </span>
     <span class='ocr_line' id='line_1_25' title="bbox 252 2301 2208 2379; baseline -0.001 -16"><span class='ocrx_word' id='word_1_205' title='bbox 252 2301 454 2377; x_wconf 87' lang='lat' dir='ltr'>spolia</span> <span class='ocrx_word' id='word_1_206' title='bbox 493 2302 656 2377; x_wconf 82' lang='lat' dir='ltr'>regis</span> <span class='ocrx_word' id='word_1_207' title='bbox 688 2302 973 2363; x_wconf 89' lang='lat' dir='ltr'>Antiochi</span> <span class='ocrx_word' id='word_1_208' title='bbox 1012 2302 1294 2363; x_wconf 79' lang='lat' dir='ltr'>referens</span> <span class='ocrx_word' id='word_1_209' title='bbox 1329 2303 1619 2363; x_wconf 78' lang='lat' dir='ltr'>trifariam</span> <span class='ocrx_word' id='word_1_210' title='bbox 1653 2302 2018 2379; x_wconf 67' lang='lat' dir='ltr'>dissipatae,</span> <span class='ocrx_word' id='word_1_211' title='bbox 2065 2302 2208 2363; x_wconf 88' lang='lat' dir='ltr'>alibi</span> 
     </span>
     <span class='ocr_line' id='line_1_26' title="bbox 250 2384 2210 2464; baseline -0.001 -19"><span class='ocrx_word' id='word_1_212' title='bbox 250 2386 529 2463; x_wconf 82' lang='lat' dir='ltr'>primum,</span> <span class='ocrx_word' id='word_1_213' title='bbox 560 2386 705 2445; x_wconf 84' lang='lat' dir='ltr'>alibi</span> <span class='ocrx_word' id='word_1_214' title='bbox 734 2393 1108 2464; x_wconf 85' lang='lat' dir='ltr'>postremum</span> <span class='ocrx_word' id='word_1_215' title='bbox 1136 2400 1376 2461; x_wconf 64' lang='lat' dir='ltr'>agnam,</span> <span class='ocrx_word' id='word_1_216' title='bbox 1403 2385 1546 2447; x_wconf 84' lang='lat' dir='ltr'>alibi</span> <span class='ocrx_word' id='word_1_217' title='bbox 1573 2385 2024 2461; x_wconf 77' lang='lat' dir='ltr'>impedimenta,</span> <span class='ocrx_word' id='word_1_218' title='bbox 2051 2384 2210 2447; x_wconf 72' lang='lat' dir='ltr'>inter</span> 
     </span>
     <span class='ocr_line' id='line_1_27' title="bbox 249 2468 2212 2545; baseline -0.001 -16"><span class='ocrx_word' id='word_1_219' title='bbox 249 2484 475 2545; x_wconf 81' lang='lat' dir='ltr'>vepres</span> <span class='ocrx_word' id='word_1_220' title='bbox 505 2468 568 2529; x_wconf 89' lang='lat' dir='ltr'>in</span> <span class='ocrx_word' id='word_1_221' title='bbox 596 2468 844 2531; x_wconf 85' lang='lat' dir='ltr'>latebris</span> <span class='ocrx_word' id='word_1_222' title='bbox 882 2470 1149 2530; x_wconf 76' lang='lat' dir='ltr'>ferarum</span> <span class='ocrx_word' id='word_1_223' title='bbox 1177 2475 1424 2531; x_wconf 78' lang='lat' dir='ltr'>noctem</span> <span class='ocrx_word' id='word_1_224' title='bbox 1445 2486 1633 2531; x_wconf 81' lang='lat' dir='ltr'>unam</span> <span class='ocrx_word' id='word_1_225' title='bbox 1661 2468 1912 2533; x_wconf 82' lang='lat' dir='ltr'>delituit.</span> <span class='ocrx_word' id='word_1_226' title='bbox 1969 2484 2082 2545; x_wconf 70' lang='lat' dir='ltr'>pro</span> <span class='ocrx_word' id='word_1_227' title='bbox 2109 2468 2212 2528; x_wconf 89' lang='lat' dir='ltr'>his</span> 
     </span>
     <span class='ocr_line' id='line_1_28' title="bbox 249 2550 2206 2629; baseline -0.001 -17"><span class='ocrx_word' id='word_1_228' title='bbox 249 2552 595 2626; x_wconf 83' lang='lat' dir='ltr'>triumphus</span> <span class='ocrx_word' id='word_1_229' title='bbox 637 2552 901 2629; x_wconf 68' lang='lat' dir='ltr'>petitur?</span> <span class='ocrx_word' id='word_1_230' title='bbox 950 2552 1009 2613; x_wconf 90' lang='lat' dir='ltr'>si</span> <span class='ocrx_word' id='word_1_231' title='bbox 1036 2550 1185 2612; x_wconf 85' lang='lat' dir='ltr'>nihil</span> <span class='ocrx_word' id='word_1_232' title='bbox 1210 2553 1272 2613; x_wconf 89' lang='lat' dir='ltr'>in</span> <span class='ocrx_word' id='word_1_233' title='bbox 1299 2552 1557 2613; x_wconf 86' lang='lat' dir='ltr'>Thracia</span> <span class='ocrx_word' id='word_1_234' title='bbox 1585 2552 1782 2615; x_wconf 83' lang='lat' dir='ltr'>cladis</span> <span class='ocrx_word' id='word_1_235' title='bbox 1809 2552 2206 2627; x_wconf 80' lang='lat' dir='ltr'>ignominiae·</span> 
     </span>
     <span class='ocr_line' id='line_1_29' title="bbox 250 2634 2208 2712; baseline -0.001 -16"><span class='ocrx_word' id='word_1_236' title='bbox 250 2652 375 2711; x_wconf 79' lang='lat' dir='ltr'>que</span> <span class='ocrx_word' id='word_1_237' title='bbox 400 2637 557 2697; x_wconf 75' lang='lat' dir='ltr'>foret</span> <span class='ocrx_word' id='word_1_238' title='bbox 582 2642 930 2711; x_wconf 79' lang='lat' dir='ltr'>acceptum,</span> <span class='ocrx_word' id='word_1_239' title='bbox 972 2636 1054 2696; x_wconf 88' lang='lat' dir='ltr'>de</span> <span class='ocrx_word' id='word_1_240' title='bbox 1080 2635 1306 2711; x_wconf 85' lang='lat' dir='ltr'>quibus</span> <span class='ocrx_word' id='word_1_241' title='bbox 1333 2635 1614 2699; x_wconf 86' lang='lat' dir='ltr'>hostibus</span> <span class='ocrx_word' id='word_1_242' title='bbox 1641 2634 2014 2712; x_wconf 83' lang='lat' dir='ltr'>triumphum</span> <span class='ocrx_word' id='word_1_243' title='bbox 2039 2643 2208 2711; x_wconf 84' lang='lat' dir='ltr'>pete·</span> 
     </span>
     <span class='ocr_line' id='line_1_30' title="bbox 249 2719 2204 2796; baseline 0 -17"><span class='ocrx_word' id='word_1_244' title='bbox 249 2727 397 2780; x_wconf 68' lang='lat' dir='ltr'>res?</span> <span class='ocrx_word' id='word_1_245' title='bbox 438 2719 518 2779; x_wconf 86' lang='lat' dir='ltr'>de</span> <span class='ocrx_word' id='word_1_246' title='bbox 544 2719 639 2794; x_wconf 90' lang='lat' dir='ltr'>iis,</span> <span class='ocrx_word' id='word_1_247' title='bbox 672 2726 739 2779; x_wconf 82' lang='lat' dir='ltr'>ut</span> <span class='ocrx_word' id='word_1_248' title='bbox 765 2719 1001 2796; x_wconf 87' lang='lat' dir='ltr'>opinor,</span> <span class='ocrx_word' id='word_1_249' title='bbox 1035 2735 1196 2794; x_wconf 81' lang='lat' dir='ltr'>quos</span> <span class='ocrx_word' id='word_1_250' title='bbox 1220 2719 1330 2781; x_wconf 90' lang='lat' dir='ltr'>tibi</span> <span class='ocrx_word' id='word_1_251' title='bbox 1356 2719 1571 2781; x_wconf 80' lang='lat' dir='ltr'>hostes</span> <span class='ocrx_word' id='word_1_252' title='bbox 1601 2727 1851 2783; x_wconf 88' lang='lat' dir='ltr'>senatus</span> <span class='ocrx_word' id='word_1_253' title='bbox 1880 2724 1985 2781; x_wconf 88' lang='lat' dir='ltr'>aut</span> <span class='ocrx_word' id='word_1_254' title='bbox 2007 2734 2204 2793; x_wconf 85' lang='lat' dir='ltr'>popu·</span> 
     </span>
     <span class='ocr_line' id='line_1_31' title="bbox 251 2801 2205 2880; baseline -0.002 -18"><span class='ocrx_word' id='word_1_255' title='bbox 251 2804 346 2863; x_wconf 90' lang='lat' dir='ltr'>lus</span> <span class='ocrx_word' id='word_1_256' title='bbox 370 2804 685 2865; x_wconf 87' lang='lat' dir='ltr'>Romanus</span> <span class='ocrx_word' id='word_1_257' title='bbox 729 2803 1021 2865; x_wconf 85' lang='lat' dir='ltr'>dedisset.</span> <span class='ocrx_word' id='word_1_258' title='bbox 1088 2804 1178 2865; x_wconf 87' lang='lat' dir='ltr'>sic</span> <span class='ocrx_word' id='word_1_259' title='bbox 1218 2802 1364 2867; x_wconf 79' lang='lat' dir='ltr'>huie</span> <span class='ocrx_word' id='word_1_260' title='bbox 1399 2803 1466 2863; x_wconf 88' lang='lat' dir='ltr'>L.</span> <span class='ocrx_word' id='word_1_261' title='bbox 1497 2801 1804 2880; x_wconf 83' lang='lat' dir='ltr'>Scipioni,</span> <span class='ocrx_word' id='word_1_262' title='bbox 1849 2805 1942 2865; x_wconf 87' lang='lat' dir='ltr'>sic</span> <span class='ocrx_word' id='word_1_263' title='bbox 1981 2803 2065 2862; x_wconf 92' lang='lat' dir='ltr'>illi</span> <span class='ocrx_word' id='word_1_264' title='bbox 2105 2802 2205 2861; x_wconf 87' lang='grc' dir='ltr'>Μ’.</span> 
     </span>
     <span class='ocr_line' id='line_1_32' title="bbox 248 2883 2214 2961; baseline -0.001 -16"><span class='ocrx_word' id='word_1_265' title='bbox 248 2887 446 2949; x_wconf 87' lang='lat' dir='ltr'>Acilio</span> <span class='ocrx_word' id='word_1_266' title='bbox 488 2886 569 2947; x_wconf 89' lang='lat' dir='ltr'>de</span> <span class='ocrx_word' id='word_1_267' title='bbox 606 2901 755 2961; x_wconf 82' lang='lat' dir='ltr'>rege</span> <span class='ocrx_word' id='word_1_268' title='bbox 792 2885 1128 2959; x_wconf 84' lang='lat' dir='ltr'>Antiocho,</span> <span class='ocrx_word' id='word_1_269' title='bbox 1173 2886 1263 2947; x_wconf 86' lang='lat' dir='ltr'>sic</span> <span class='ocrx_word' id='word_1_270' title='bbox 1309 2888 1491 2961; x_wconf 84' lang='lat' dir='ltr'>paulo</span> <span class='ocrx_word' id='word_1_271' title='bbox 1537 2895 1678 2949; x_wconf 80' lang='lat' dir='ltr'>ante</span> <span class='ocrx_word' id='word_1_272' title='bbox 1716 2889 1780 2949; x_wconf 88' lang='grc' dir='ltr'>Τ.</span> <span class='ocrx_word' id='word_1_273' title='bbox 1815 2885 2091 2961; x_wconf 82' lang='lat' dir='ltr'>Quinctio</span> <span class='ocrx_word' id='word_1_274' title='bbox 2129 2883 2214 2943; x_wconf 88' lang='lat' dir='ltr'>de</span> 
     </span>
     <span class='ocr_line' id='line_1_33' title="bbox 249 2968 2213 3044; baseline -0.001 -16"><span class='ocrx_word' id='word_1_275' title='bbox 249 2984 397 3043; x_wconf 83' lang='lat' dir='ltr'>rege</span> <span class='ocrx_word' id='word_1_276' title='bbox 422 2968 735 3044; x_wconf 82' lang='lat' dir='ltr'>Phiiippo,</span> <span class='ocrx_word' id='word_1_277' title='bbox 778 2971 869 3029; x_wconf 87' lang='lat' dir='ltr'>sic</span> <span class='ocrx_word' id='word_1_278' title='bbox 894 2970 961 3029; x_wconf 92' lang='lat' dir='ltr'>P.</span> <span class='ocrx_word' id='word_1_279' title='bbox 992 2970 1290 3033; x_wconf 79' lang='lat' dir='ltr'>African-o</span> <span class='ocrx_word' id='word_1_280' title='bbox 1327 2970 1408 3032; x_wconf 77' lang='lat' dir='ltr'>de</span> <span class='ocrx_word' id='word_1_281' title='bbox 1432 2970 1775 3031; x_wconf 84' lang='lat' dir='ltr'>Hannibal-e</span> <span class='ocrx_word' id='word_1_282' title='bbox 1809 2978 1871 3029; x_wconf 84' lang='lat' dir='ltr'>et</span> <span class='ocrx_word' id='word_1_283' title='bbox 1894 2968 2118 3028; x_wconf 89' lang='lat' dir='ltr'>Poenis</span> <span class='ocrx_word' id='word_1_284' title='bbox 2147 2974 2213 3027; x_wconf 86' lang='lat' dir='ltr'>et</span> 
     </span>
     <span class='ocr_line' id='line_1_34' title="bbox 254 3050 2210 3128; baseline -0.001 -17"><span class='ocrx_word' id='word_1_285' title='bbox 254 3050 542 3128; x_wconf 81' lang='lat' dir='ltr'>Syphace</span> <span class='ocrx_word' id='word_1_286' title='bbox 564 3050 906 3125; x_wconf 83' lang='lat' dir='ltr'>triumphus</span> <span class='ocrx_word' id='word_1_287' title='bbox 921 3052 1120 3111; x_wconf 84' lang='lat' dir='ltr'>datus.</span> <span class='ocrx_word' id='word_1_288' title='bbox 1162 3059 1223 3112; x_wconf 86' lang='lat' dir='ltr'>et</span> <span class='ocrx_word' id='word_1_289' title='bbox 1242 3050 1490 3111; x_wconf 83' lang='lat' dir='ltr'>minima</span> <span class='ocrx_word' id='word_1_290' title='bbox 1509 3052 1628 3126; x_wconf 81' lang='lat' dir='ltr'>illa,</span> <span class='ocrx_word' id='word_1_291' title='bbox 1649 3067 1787 3111; x_wconf 88' lang='lat' dir='ltr'>cum</span> <span class='ocrx_word' id='word_1_292' title='bbox 1808 3052 1926 3112; x_wconf 87' lang='lat' dir='ltr'>iam</span> <span class='ocrx_word' id='word_1_293' title='bbox 1951 3055 2210 3111; x_wconf 85' lang='lat' dir='ltr'>senatus</span> 
     </span>
     <span class='ocr_line' id='line_1_35' title="bbox 252 3130 2205 3209; baseline -0.002 -15"><span class='ocrx_word' id='word_1_294' title='bbox 252 3134 597 3195; x_wconf 82' lang='lat' dir='ltr'>censuisset</span> <span class='ocrx_word' id='word_1_295' title='bbox 622 3133 875 3207; x_wconf 88' lang='lat' dir='ltr'>bellum,</span> <span class='ocrx_word' id='word_1_296' title='bbox 920 3134 1201 3208; x_wconf 79' lang='lat' dir='ltr'>quaesita</span> <span class='ocrx_word' id='word_1_297' title='bbox 1226 3141 1427 3193; x_wconf 83' lang='lat' dir='ltr'>tamen</span> <span class='ocrx_word' id='word_1_298' title='bbox 1457 3141 1633 3207; x_wconf 85' lang='lat' dir='ltr'>sunt,</span> <span class='ocrx_word' id='word_1_299' title='bbox 1673 3133 1898 3209; x_wconf 87' lang='lat' dir='ltr'>quibus</span> <span class='ocrx_word' id='word_1_300' title='bbox 1926 3130 2205 3194; x_wconf 82' lang='lat' dir='ltr'>nuntian-</span> 
     </span>
     <span class='ocr_line' id='line_1_36' title="bbox 252 3215 2206 3291; baseline -0.002 -12"><span class='ocrx_word' id='word_1_301' title='bbox 252 3217 397 3280; x_wconf 89' lang='lat' dir='ltr'>dum</span> <span class='ocrx_word' id='word_1_302' title='bbox 419 3224 619 3287; x_wconf 56' lang='lat' dir='ltr'>essen</span> <span class='ocrx_word' id='word_1_303' title='bbox 662 3216 817 3291; x_wconf 85' lang='lat' dir='ltr'>ipsis</span> <span class='ocrx_word' id='word_1_304' title='bbox 838 3216 1049 3291; x_wconf 84' lang='lat' dir='ltr'>utique</span> <span class='ocrx_word' id='word_1_305' title='bbox 1069 3215 1320 3291; x_wconf 81' lang='lat' dir='ltr'>regibus</span> <span class='ocrx_word' id='word_1_306' title='bbox 1343 3218 1736 3290; x_wconf 85' lang='lat' dir='ltr'>nuntiaretur,</span> <span class='ocrx_word' id='word_1_307' title='bbox 1762 3234 1842 3281; x_wconf 86' lang='lat' dir='ltr'>an</span> <span class='ocrx_word' id='word_1_308' title='bbox 1865 3218 2016 3279; x_wconf 87' lang='lat' dir='ltr'>satis</span> <span class='ocrx_word' id='word_1_309' title='bbox 2040 3223 2206 3277; x_wconf 83' lang='lat' dir='ltr'>esset</span> 
     </span>
     <span class='ocr_line' id='line_1_37' title="bbox 252 3298 2202 3377; baseline -0.003 -16"><span class='ocrx_word' id='word_1_310' title='bbox 252 3300 334 3361; x_wconf 87' lang='lat' dir='ltr'>ad</span> <span class='ocrx_word' id='word_1_311' title='bbox 374 3299 751 3377; x_wconf 84' lang='lat' dir='ltr'>praesidium</span> <span class='ocrx_word' id='word_1_312' title='bbox 786 3300 1041 3375; x_wconf 82' lang='lat' dir='ltr'>aliquod</span> <span class='ocrx_word' id='word_1_313' title='bbox 1077 3299 1358 3363; x_wconf 84' lang='lat' dir='ltr'>nuntiari.</span> <span class='ocrx_word' id='word_1_314' title='bbox 1425 3299 1613 3363; x_wconf 86' lang='lat' dir='ltr'>vultis</span> <span class='ocrx_word' id='word_1_315' title='bbox 1641 3316 1788 3377; x_wconf 77' lang='lat' dir='ltr'>ergo</span> <span class='ocrx_word' id='word_1_316' title='bbox 1817 3298 1973 3362; x_wconf 86' lang='lat' dir='ltr'>haec</span> <span class='ocrx_word' id='word_1_317' title='bbox 2001 3299 2202 3361; x_wconf 83' lang='lat' dir='ltr'>omnia</span> 
     </span>
     <span class='ocr_line' id='line_1_38' title="bbox 251 3382 2210 3463; baseline -0.004 -16"><span class='ocrx_word' id='word_1_318' title='bbox 251 3384 441 3463; x_wconf 87' lang='lat' dir='ltr'>pollui</span> <span class='ocrx_word' id='word_1_319' title='bbox 470 3391 532 3445; x_wconf 89' lang='lat' dir='ltr'>et</span> <span class='ocrx_word' id='word_1_320' title='bbox 559 3383 881 3457; x_wconf 70' lang='lat' dir='ltr'>confundi,</span> <span class='ocrx_word' id='word_1_321' title='bbox 918 3382 1048 3445; x_wconf 78' lang='lat' dir='ltr'>toili</span> <span class='ocrx_word' id='word_1_322' title='bbox 1076 3382 1303 3445; x_wconf 80' lang='lat' dir='ltr'>ietialia</span> <span class='ocrx_word' id='word_1_323' title='bbox 1328 3383 1492 3459; x_wconf 85' lang='lat' dir='ltr'>iura,</span> <span class='ocrx_word' id='word_1_324' title='bbox 1521 3385 1723 3449; x_wconf 84' lang='lat' dir='ltr'>nullos</span> <span class='ocrx_word' id='word_1_325' title='bbox 1752 3400 1898 3446; x_wconf 89' lang='lat' dir='ltr'>esse</span> <span class='ocrx_word' id='word_1_326' title='bbox 1927 3382 2210 3445; x_wconf 62' lang='lat' dir='ltr'>fetiales?</span> 
     </span>
     <span class='ocr_line' id='line_1_39' title="bbox 246 3466 2206 3546; baseline -0.002 -17"><span class='ocrx_word' id='word_1_327' title='bbox 246 3470 370 3544; x_wconf 72' lang='lat' dir='ltr'>fiat,</span> <span class='ocrx_word' id='word_1_328' title='bbox 399 3483 557 3546; x_wconf 81' lang='lat' dir='ltr'>pace</span> <span class='ocrx_word' id='word_1_329' title='bbox 580 3466 768 3529; x_wconf 81' lang='lat' dir='ltr'>deum</span> <span class='ocrx_word' id='word_1_330' title='bbox 788 3467 1063 3539; x_wconf 86' lang='lat' dir='ltr'>dixerim,</span> <span class='ocrx_word' id='word_1_331' title='bbox 1090 3468 1322 3529; x_wconf 87' lang='lat' dir='ltr'>iactura</span> <span class='ocrx_word' id='word_1_332' title='bbox 1339 3467 1672 3544; x_wconf 79' lang='lat' dir='ltr'>religionis,</span> <span class='ocrx_word' id='word_1_333' title='bbox 1701 3468 1924 3530; x_wconf 82' lang='lat' dir='ltr'>oblivio</span> <span class='ocrx_word' id='word_1_334' title='bbox 1948 3468 2206 3529; x_wconf 86' lang='lat' dir='ltr'>deorum</span> 
     </span>
    </p>
   </div>
  </div>
 </body>
</html>
