2548 3950
336 242 464 306 ³62
601 241 833 302 mana
852 189 1175 303 xxxvni.
1218 238 1384 301 cAP.
1415 246 1506 303 46.
1525 246 1616 304 47.
1661 246 1736 315 1..
1763 244 1835 297 υ.
1857 260 1907 296 0..
1931 243 2059 310 565]

333 395 540 471 capiat
566 400 819 469 pectora
839 400 1077 453 vestra:
1120 408 1267 454 num
1290 399 1571 453 senatum
1598 406 1848 467 quoque
1871 392 1951 451 de
1971 392 2133 455 bello
2157 408 2309 455 con·

334 478 455 539 suli
496 493 620 537 non
666 477 904 553 placet?
944 492 1070 537 non
1108 477 1190 537 ad
1217 476 1514 552 populum
1542 476 1714 549 ferri,
1759 475 1948 537 velint
1975 474 2310 539 iubeantne

334 576 475 623 cum
520 561 707 621 Gallis
748 560 975 620 bellum
1012 559 1187 635 geri?
1228 559 1416 620 modo
1457 566 1622 622 certe
1663 560 1954 621 consules
1985 558 2306 623 Graeciam

334 652 521 719 atque
548 642 764 705 Asiam
802 642 1112 704 volebant.
1178 651 1382 703 tamen
1423 640 1966 719 perseverantibus
1996 643 2180 703 vobis
2205 643 2304 705 Li-

334 744 520 804 gures
549 728 930 803 provinciam
959 725 1296 789 decernere
1325 726 1488 788 dicto
1517 726 1838 786 audientes
1869 725 2134 787 ruerunt.
2172 741 2304 789 ωε-

334 811 451 871 rito
480 826 630 885 ergo
657 827 698 872 a
728 811 909 871 vobis
939 826 1243 885 prospere
1271 810 1434 872 bello
1464 817 1641 885 gesto
1671 808 2044 883 triumphum
2071 814 2304 885 petent,

334 896 565 969 quibus
594 893 949 957 auctoribus
978 899 1368 969 gesserunt.“

500 978 735 1037 XLVII.
778 978 940 1039 Talis
973 978 1167 1038 oratio
1194 975 1359 1039 Furii
1389 984 1450 1037 et
1475 975 1718 1037 Aemilii
1749 974 1877 1037 fuit.
1919 975 2210 1036 Manlium
2237 976 2304 1037 in

334 1062 499 1121 hunc
527 1062 791 1122 maxime
818 1062 1071 1121 modum
1096 1060 1503 1135 respondisse
1531 1060 1764 1136 accepi.
1808 1057 2074 1134 „tribuni
2103 1060 2305 1135 plebis

336 1152 517 1205 antea
544 1144 827 1205 solebant
852 1144 1219 1219 triumphurn
1242 1143 1697 1219 postulantibus
1723 1142 2060 1218 adversari,
2091 1149 2305 1218 patres

329 1227 702 1302 conscripti3
749 1222 971 1301 quibus
1002 1242 1119 1302 ego
1146 1228 1406 1303 gratiam
1433 1226 1653 1301 habeo,
1687 1225 1858 1303 quod
1879 1241 1996 1287 seu
2015 1226 2164 1288 mihi
2187 1242 2306 1289 seu

331 1310 734 1386 magnitudini
760 1325 965 1371 rerum
992 1317 1304 1387 gestarum
1333 1310 1452 1371 hoc
1483 1310 1814 1383 dederunt,
1847 1315 1916 1369 ut
1943 1326 2069 1371 non
2099 1311 2306 1371 solum

333 1394 574 1456 silentio
606 1395 1079 1469 comprobarent
1103 1393 1402 1457 honorem
1428 1408 1660 1469 meum,
1698 1393 1814 1456 sed
1840 1394 2074 1453 referre
2101 1395 2284 1455 etiam

331 1480 392 1539 -εἰ
422 1495 582 1552 opus
620 1484 819 1553 esset,
858 1478 1213 1539 viderentur
1249 1479 1444 1554 parati
1485 1493 1661 1539 esse:
1707 1494 1788 1540 ex
1817 1477 2032 1539 decem
2051 1478 2303 1553 legatis,

331 1561 390 1623 si
420 1561 539 1621 diis
582 1562 811 1637 placet,
855 1562 1021 1638 quod
1052 1563 1372 1623 consilium
1403 1561 1862 1637 dispensandae
1889 1560 2304 1643 cohonestan-

332 1648 579 1719 daeque
616 1644 911 1705 victoriae
952 1644 1422 1721 imperatoribus
1457 1645 1722 1707 maiores
1755 1643 2059 1705 dederunt
2085 1646 2304 1719 nostri,

335 1729 731 1789 adversarios
754 1728 973 1788 habeo.
1017 1730 1086 1789 L.
1099 1730 1318 1791 Furius
1344 1738 1405 1791 et
1421 1730 1490 1789 L.
1504 1729 1800 1791 Aemilius
1824 1744 2072 1790 currum
2093 1728 2302 1791 trium·

337 1812 583 1889 phalem
608 1809 713 1875 me‘
736 1813 1156 1873 conscendere
1184 1814 1527 1889 prohibent,
1561 1828 1849 1873 coronam
1870 1811 2175 1887 insignem
2199 1827 2300 1879 ca·

339 1895 447 1973 piti
476 1894 824 1966 detrahunt3
871 1910 1031 1971 quos
1060 1911 1193 1972 ego,
1227 1897 1284 1959 si
1309 1897 1532 1959 tribuni
1565 1914 1663 1959 me
1693 1896 2068 1971 triumphare
2092 1894 2302 1971 prohi-

338 1982 583 2055 berent,
618 1987 809 2042 testes
841 1980 1131 2043 citaturus
1156 1983 1240 2043 rui
1270 1998 1476 2043 rerum
1506 1998 1544 2042 a
1569 1997 1670 2042 me
1697 1988 2028 2056 gestarum.
2072 1981 2302 2043 nullius

337 2066 621 2141 >equidem
652 2065 897 2126 invideo
928 2065 1173 2138 honori,
1217 2073 1424 2142 patres
1457 2065 1806 2142 conscripti.
1874 2081 1992 2125 vos
2019 2065 2302 2125 tribunos

339 2149 540 2225 plebei
568 2163 783 2224 nuper,
812 2149 979 2210 viros
1014 2149 1203 2210 fortes
1226 2166 1302 2210 ae
1325 2157 1628 2224 strenuos„
1661 2147 2066 2224 impedientes
2093 2147 2159 2222 Q.
2184 2148 2302 2208 Fa·

338 2233 421 2292 bii
458 2233 777 2295 Labeonis
812 2233 1179 2308 triumphum
1230 2235 1586 2295 auctoritate
1635 2239 1843 2293 vestra
1883 2231 2302 2293 deterruistise

334 2318 743 2394 triumphavit,
776 2332 957 2392 quem
985 2333 1109 2378 non
1138 2318 1366 2378 bellum
1393 2318 1682 2378 iniustum
1715 2317 2011 2392 gessisse,
2045 2317 2157 2375 sed
2187 2315 2300 2374 ho-

332 2411 491 2461 stem
523 2402 769 2462 omnino
798 2416 920 2462 non
948 2400 1185 2462 vidisse
1212 2401 1438 2462 inimici
1465 2401 1801 2461 iactabant=
1852 2414 1988 2475 ego,
2021 2400 2125 2476 qui
2160 2415 2304 2460 cum

334 2490 579 2545 centum
604 2485 845 2545 milibus
874 2485 1397 2546 ferocissimorum
1425 2485 1688 2546 hostium
1719 2483 1910 2560 signis
1939 2484 2177 2544 collatis
2209 2490 2303 2544 to-

335 2568 493 2628 tiens
537 2570 835 2644 pugnavi,
880 2569 985 2645 qui
1021 2569 1164 2645 plus
1198 2570 1603 2646 quadraginta
1628 2569 1792 2628 milia
1816 2566 2131 2628 hominum
2159 2566 2302 2642 cepi

334 2658 441 2710 aut
462 2653 678 2726 occidi,
706 2652 812 2727 qui
832 2650 977 2714 bina
1000 2661 1200 2714 castra
1226 2670 1439 2714 eorum
1461 2651 1830 2730 expugnavi,
1856 2653 1961 2728 qui
1985 2652 2135 2713 citra
2155 2651 2303 2724 iuga

330 2734 517 2792 Tauri
556 2734 761 2794 omnia
801 2736 1115 2808 pacatiora
1150 2755 1337 2812 quam
1368 2746 1530 2798 terra
1557 2737 1729 2798 Italia
1757 2740 1854 2796 est
1879 2737 2132 2812 reliqui,
2171 2751 2300 2794 non

334 2816 641 2893 triumpho
664 2819 848 2878 modo
876 2820 1144 2894 fraudor,
1167 2822 1284 2881 sed
1307 2837 1556 2883 causam
1579 2822 1747 2896 apud
1769 2837 1903 2894 voS‚
1921 2827 2128 2894 patres
2153 2835 2300 2880 con-

333 2901 570 2976 scripti,
594 2902 1025 2962 accusantibus
1049 2904 1203 2963 meis
1222 2901 1362 2978 ipse
1387 2905 1603 2980 legatis
1619 2905 1780 2965 dico.
1812 2905 2046 2979 duplex
2067 2918 2298 2974 eorum,

338 2992 405 3044 ut
430 2985 962 3061 animadvertistis,
996 2992 1206 3062 patres
1240 2989 1594 3064 conscripti,
1625 2987 1939 3049 accusatio
1969 2988 2112 3048 suita
2158 3001 2302 3046 nam

338 3084 455 3128 nec
494 3069 830 3144 gerendum
872 3070 1020 3130 mihi
1061 3071 1258 3133 fuisse
1286 3071 1510 3133 bellum
1543 3088 1681 3134 cum
1711 3072 1928 3146 Gallis,
1973 3080 2033 3133 et
2060 3077 2304 3148 gestum

314 3160 566 3212 'temere
606 3158 790 3228 atque
828 3155 1249 3230 imprudenter
1278 3156 1582 3218 dixerunt.
1651 3171 1776 3217 non
1805 3163 1977 3216 erant
2007 3154 2162 3216 Galli
2189 3153 2302 3214 ho-

334 3244 498 3310 steS,
543 3239 655 3296 sed
683 3245 749 3297 tu
777 3253 888 3299 eos
919 3248 1176 3315 pacatos
1205 3239 1502 3316 imperata
1531 3240 1825 3300 facientes
1854 3237 2120 3300 violasti.
2176 3253 2302 3298 non

335 3335 478 3379 sum
508 3321 925 3396 postulaturus
954 3339 992 3382 a
1021 3324 1222 3396 vobiS‚
1254 3332 1460 3398 patres
1484 3325 1834 3400 conscripti,
1863 3329 1932 3384 ut
1954 3336 2114 3397 quae
2135 3337 2300 3383 com-

334 3403 597 3463 muniter
648 3404 726 3464 de
766 3404 1133 3467 immanitate
1181 3407 1382 3482 gentis
1425 3405 1752 3468 Gallorum*
1779 3407 1861 3466 de
1897 3404 2298 3466 infestissimo

338 3484 484 3543 odio
525 3485 587 3544 in
628 3502 849 3547 nomen
889 3491 1232 3551 Romanum
1273 3490 1477 3562 scitis,
1522 3506 1597 3551 ea
1636 3491 1715 3550 de
1753 3489 1874 3550 illis
1911 3503 2166 3566 quoque
2193 3485 2297 3562 qut
