2548 3950
662 204 894 269 LIBER
911 208 1179 269 xxxvl.
1211 206 1376 268 CAP.
1404 214 1489 267 1o.
1515 214 1598 266 11.
1630 212 1703 280 [a.
1718 210 1783 263 c.
1801 210 1923 279 191]
2151 203 2279 282 231

305 370 458 425 rant
483 359 740 433 finibus,
787 367 847 421 et
884 358 1044 419 intra
1081 356 1325 419 moenia
1364 354 1740 431 praesidium
1769 356 2111 417 Romanum
2146 370 2278 415 cer·

309 447 566 508 nebant.
1055 482 1060 487 -
1692 494 1695 499 .

484 528 586 587 XI.
640 526 778 587 Rex
806 523 1153 587 Chalcidem
1181 543 1220 587 a
1246 524 1633 587 Demetriade
1674 524 2022 605 profectuS,
2068 538 2279 585 amore

319 618 544 691 captus
582 607 836 685 virginis
867 606 1285 671 Chalcidensis
1316 609 1715 686 Cleoptolemi
1754 606 1946 683 fiHae,
1992 624 2129 671 cum
2170 623 2279 687 pa-

317 708 477 761 trem
504 696 702 771 primo
731 692 1077 767 adlegando
1091 738 1109 770 ‚
1155 694 1381 755 deinde
1420 709 1629 759 coram
1668 692 1809 769 ipse
1834 695 2114 769 rogando
2146 692 2278 755 fati-

311 776 564 858 gasset,
611 777 864 839 invitum
905 792 977 837 se
1003 777 1308 853 gravioris
1348 779 1629 841 fortunae
1657 777 2004 840 condicioni
2042 777 2279 853 illigan-

315 875 472 937 tem,
503 864 752 925 tandem
775 860 1095 936 impetrata
1120 878 1190 923 re
1213 870 1521 940 tamquam
1541 863 1605 923 in
1626 862 1831 923 media
1850 878 2007 937 pace
2031 863 2276 939 nuptias

310 948 619 1019 >celebrat3
661 954 723 1008 et
741 945 1044 1021 reliquum
1065 945 1284 1007 hlemis
1300 992 1317 1022 ,
1349 947 1601 1022 oblituS,
1631 952 1891 1022 quantas
1915 946 2096 1007 simul
2120 947 2275 1006 duas

313 1047 428 1113 res
465 1030 878 1106 suscepisset,
922 1030 1145 1091 bellum
1184 1031 1527 1093 Romanum
1568 1038 1629 1093 et
1660 1030 1976 1091 Graeciam
2015 1031 2277 1091 liberan-

307 1117 495 1187 -dam,
521 1114 768 1187 ,omissa
809 1113 1078 1178 omnium
1115 1131 1322 1180 rerum
1359 1131 1507 1177 cura
1546 1115 1607 1175 in
1648 1114 1949 1175 conviviis
1978 1121 2039 1176 et
2065 1115 2277 1175 vinum

311 1198 726 1273 ‚sequentibus
767 1198 1182 1273 voluptatibus
1223 1214 1299 1259 ac
1329 1199 1553 1259 deinde
1586 1214 1666 1259 ex
1697 1198 2049 1277 fatigatione
2079 1200 2274 1275 magis

313 1298 510 1358 quam
551 1285 827 1343 satietate
865 1298 1076 1343 earum
1112 1284 1175 1343 in
1217 1299 1437 1347 somno
1477 1284 1762 1345 traduxit.
1826 1284 2046 1344 eadem
2076 1285 2275 1345 omnis

313 1367 672 1443 praefectos,
691 1366 916 1441 regios
947 1366 1054 1442 qui
1073 1367 1325 1443 ubique,
1348 1368 1430 1427 ad
1447 1368 1768 1429 Boeotiam
1790 1367 2073 1440 maxime,
2097 1383 2275 1446 prae-

311 1450 510 1526 positi
539 1448 808 1510 hibernis
838 1457 1038 1524 erant,
1081 1452 1245 1527 cepit
1268 1452 1541 1521 luxuria;
1584 1452 1645 1510 in
1679 1451 1939 1511 eandem
1968 1458 2028 1510 et
2055 1451 2275 1513 milites

307 1533 504 1594 effusi
533 1541 701 1595 sunt:
744 1549 860 1593 nec
902 1533 1228 1609 quisquam
1267 1548 1481 1596 eorum
1522 1543 1627 1595 aut
1653 1550 1823 1595 arma
1862 1534 2131 1608 induxit,
2173 1542 2279 1595 aut

315 1619 647 1678 stationem
675 1626 780 1679 aut
803 1617 1042 1693 vigilias
1077 1618 1375 1694 servavit,
1428 1626 1536 1680 aut
1565 1618 1895 1695 quicquam
1926 1619 2095 1695 quod
2124 1617 2277 1685 mili-

309 1701 468 1764 tatis
492 1702 700 1777 operis
730 1708 835 1763 aut
852 1703 1126 1763 muneris
1147 1710 1317 1765 esset
1337 1703 1498 1766 fecit.
1535 1704 1743 1779 itaque
1766 1702 2069 1778 principio
2092 1702 2274 1777 veriS,

311 1801 462 1847 cum
501 1801 615 1860 per
641 1784 970 1847 Phocidem
1001 1784 1448 1861 Chaeroneam,
1498 1802 1621 1862 quo
1666 1787 1994 1848 convenire
2038 1802 2278 1847 omnem

309 1870 596 1945 undique
623 1872 956 1931 exercitum
983 1869 1282 1947 iusserat,
1318 1870 1620 1946 venisset,
1650 1870 1827 1932 facile
1857 1870 2281 1931 animadvertit

311 1954 508 2016 nihilo
532 1954 843 2016 severiore
865 1953 1194 2030 disciplina
1213 1955 1435 2016 milites
1453 1970 1639 2032 quam
1654 1954 1876 2015 ducem
1891 1953 2278 2016 hibernasse.

314 2038 737 2100 Alexandrum
792 2039 936 2099 inde
981 2039 1314 2100 Acarnana
1362 2046 1426 2100 et
1470 2037 1830 2114 Menippum
1876 2038 2281 2100 Macedonem

313 2121 586 2182 Stratum
604 2122 883 2184 Aetoliae
912 2123 1128 2198 copias
1153 2124 1380 2201 ducere
1401 2123 1601 2184 iussit.
1645 2122 1783 2197 ipse
1803 2121 2061 2199 Delphis
2089 2121 2281 2183 sacri*

315 2205 461 2265 ficio
488 2205 757 2281 Apollini
787 2206 946 2266 facto
973 2205 1355 2283 Naupactum
1383 2204 1709 2281 processit.
1768 2203 2027 2266 consilio
2055 2206 2282 2280 princi-

317 2305 469 2363 pum
489 2289 771 2350 Aetoliae
798 2289 1005 2351 habito
1037 2291 1137 2349 via
1167 2305 1327 2365 quae
1349 2297 1592 2365 praeter
1617 2288 1994 2366 Calydonem
2024 2296 2085 2348 et
2103 2289 2281 2365 Lysi-

315 2373 619 2432 machiam
659 2373 776 2433 sert
801 2373 884 2433 ad
912 2371 1178 2435 Stratum
1217 2372 1351 2434 suis
1369 2420 1386 2449 ,
1428 2373 1533 2448 qui
1572 2387 1689 2448 per
1714 2371 2037 2432 Maliacum
2078 2371 2279 2433 sinum

315 2456 665 2530 veniebant,
691 2456 970 2518 occurrit.
1013 2458 1097 2519 ibi
1115 2456 1539 2518 Mnasilochus
1561 2456 1853 2534 princeps
1865 2459 2279 2528 Acarnanum,

323 2541 525 2601 multis
555 2549 798 2615 emptus
829 2540 1040 2618 donis,
1080 2557 1205 2603 non
1234 2543 1372 2618 ipse
1414 2542 1614 2602 solum
1641 2546 1887 2616 gentem
1913 2540 2045 2616 regi
2076 2540 2281 2601 conci·

319 2623 538 2697 flabat,
587 2625 704 2686 sed
749 2624 989 2702 Clytum
1027 2627 1208 2686 etiam
1251 2633 1629 2702 praetorem,
1682 2639 1879 2701 penes
1931 2640 2114 2700 quem
2156 2632 2285 2686 tum

317 2723 560 2768 summa
587 2715 867 2784 potestas
896 2717 1055 2782 erat,
1097 2711 1160 2768 in
1201 2726 1380 2771 suam
1419 2709 1783 2771 sententiam
1810 2709 2170 2770 adduxerat.
2227 2707 2284 2768 is

321 2807 460 2852 cum
490 2790 865 2866 Leucadios,
911 2795 1082 2868 quod
1119 2793 1505 2872 Acarnaniae
1535 2801 1721 2869 caput
1762 2801 1890 2869 est,
1941 2807 2063 2854 non
2107 2793 2284 2853 facile

317 2875 403 2936 ad
433 2874 842 2936 defectionem
868 2890 1062 2951 posse
1085 2885 1365 2939 cerneret
1382 2877 1615 2954 impelli
1636 2883 1891 2955 propter
1911 2884 2139 2938 metum
2157 2878 2282 2939 Ro·

317 2974 540 3020 manae
579 2959 799 3026 classis
815 3005 834 3032 ,
875 2976 1038 3035 quae
1079 2977 1220 3022 cum
1245 2961 1433 3022 Atilio
1478 2976 1718 3037 quaeve
1762 2960 1924 3021 circa
1967 2960 2281 3035 Cephalle-

317 3040 486 3102 niam
517 3051 676 3116 erat,
720 3051 850 3104 arte
886 3058 997 3105 eos
1041 3055 1138 3106 est
1176 3045 1535 3120 adgressus.
1592 3059 1736 3102 nam
1764 3059 1903 3104 eum
1928 3045 1990 3103 in
2021 3041 2281 3103 coneilio

318 3123 586 3187 dixisset
611 3128 840 3188 tuenda
866 3128 1313 3188 mediterranea
1338 3127 1725 3188 Acarnaniae
1767 3141 1941 3200 esse,
1990 3132 2052 3186 et
2091 3126 2283 3187 omni-

319 3207 438 3268 bus
470 3209 576 3284 qui
605 3226 775 3271 arma
799 3211 1028 3272 ferrent
1045 3209 1397 3271 exeundum
1418 3210 1500 3270 ad
1516 3207 1865 3270 Medionem
1888 3216 1949 3271 et
1966 3207 2281 3287 Thyrium,

321 3306 401 3350 ne
429 3293 507 3352 ab
533 3293 839 3354 Antiocho
873 3300 974 3355 aut
996 3293 1237 3357 Aetolis
1269 3299 1747 3369 occuparentur,
1776 3293 1949 3353 fuere
1980 3293 2086 3369 qui
2116 3292 2282 3354 dice-

319 3381 459 3435 rent
483 3376 634 3437 nihil
660 3377 916 3440 attinere
945 3378 1143 3439 omnis
1171 3378 1546 3440 tumultuose
1588 3376 1911 3453 concitari,
1954 3377 2105 3438 satis
2137 3391 2282 3438 esse

321 3461 793 3536 quingentorum
841 3460 1153 3543 hominum
1205 3461 1605 3538 praesidium.
1708 3476 1845 3524 eam
1904 3461 2281 3525 iuventutem
