2548 3950
487 252 718 324 LIBER
738 253 1006 317 xxxlv.
1051 253 1217 315 cAP.
1242 261 1330 316 59.
1353 263 1442 316 σο.
1467 262 1554 318 61.
1601 262 1673 330 [a.
1698 260 1764 320 c.
1789 263 1912 329 193]
1964 229 1967 232 ’
2047 257 2170 324 173

194 412 451 478 essent,
491 413 555 476 et
594 404 1051 480 impetraturum
1093 405 1327 480 aliquid
1354 412 1460 466 aut
1487 404 1659 480 pacis
1691 422 1882 468 causa
1909 423 2169 471 conces·

196 506 448 563 surum„
502 487 585 548 ita
606 488 850 564 integra
890 489 1076 558 dilata
1094 505 1201 550 res
1232 496 1348 554 est.
1401 492 1639 566 legatos
1667 491 1819 552 mitti
1853 493 1934 553 ad
1960 508 2172 570 regem

195 574 463 646 eosdem
515 572 630 651 qui
656 573 1089 650 Lysimachiae
1129 575 1298 648 apud
1340 591 1480 638 eum
1522 575 1766 639 fuerant
1800 577 2058 651 placuit,
2101 577 2168 638 Ρ.

198 657 547 733 Sulpicium
572 657 639 718 P.
666 657 915 729 Villium
943 657 1009 717 P.
1037 657 1298 725 Aelium.
1923 736 1928 737 ἶ

376 742 497 804 LX.
555 741 827 810 Vixdum
854 742 898 800 ii
925 742 1415 817 prosecuerant,
1460 758 1670 804 cuma
1695 743 2058 820 Carthagine
2085 747 2167 806 ie-

196 826 596 902 gati,.bellum
638 825 819 892 haud.
835 825 1021 888 dubie
1048 843 1270 902 parare
1297 825 1672 893 Antiochum
1691 827 2034 892 Hannibale
2060 831 2170 890 mi·

194 911 398 980 nistro
426 911 785 984 attulerunt,
820 909 1283 986 inieceruntque
1313 927 1550 986 curam,
1581 928 1662 974 ne
1696 913 1875 977 simul
1906 920 1969 976 et
1991 913 2170 976 Puni-

199 1011 347 1064 cum
375 995 743 1068 excitatam
770 994 1015 1062 bellum..
1057 995 1361 1062 Hannibal
1394 996 1596 1071 patria.
1609 998 1930 1072 profugus.
1948 1013 2170 1072 perve-

197 1085 381 1149 nerat
409 1080 490 1140 ad
518 1079 920 1153 Antiochum,
960 1078 1119 1148 sicut
1147 1087 1290 1142 ante
1317 1081 1560 1146 dictum
1575 1088 1703 1151 est;
1757 1089 1976 1144 et.erat
2001 1083 2170 1156 apud

192 1177 411 1238 regem
451 1164 512 1224 in
554 1179 781 1239 magno
820 1163 1087 1236 honore,
1135 1166 1304 1228 nulla
1341 1165 1462 1225 alia
1488 1173 1618 1234 arte
1646 1165 1777 1228 nisi.
1797 1166 1968 1242 quod
1995 1167 2174 1227 volu-.

198 1248 355 1308 tanti
384 1246 491 1308 diu
517 1248 778 1311 consilia
804 1249 883 1308 de
905 1247 1183 1310 Romano
1211 1248 1375 1310 bello
1406 1251 1816 1324 nemoaptior
1847 1266 2038 1325 super
2066 1249 2180 1312 tali

196 1347 279 1391 re.
301 1331 622 1409 particeps,
644 1346 787 1399 esse
816 1333 1406 1408 sermonispoterat.
1449 1335 1748 1397 sententia
1779 1334 1912 1395 eius
1935 1351 2063 1399 una
2079 1343 2169 1394 at·

200 1432 326 1492 que
376 1416 883 1493 eademsemper
934 1424 1091 1493 erat,
1141 1425 1209 1478 ut
1247 1417 1310 1478 in
1349 1417 1520 1478 Italia
1557 1416 2168 1492 bellumgerert-,turz

196 1500 437 1570 ltaliam
486 1508 563 1562 et-
598 1509 972 1572 commeatus
1028 1509 1087 1562 et
1140 1502 1388 1565 militem
1447 1500 1858 1577 praebituram
1913 1507 2168 1562 externo

200 1583 383 1652 hosti.
426 1585 769 1656 sinihilibi
798 1593 1136 1658 moveatur,
1169 1586 1474 1662 liceatque
1504 1587 1738 1661 populo
1765 1585 2045 1648 Romano
2077 1585 2168 1645 vi-

197 1669 371 1728 ribus
401 1674 463 1729 et
490 1669 925 1744 copiisltaliae
954 1676 1129 1733 extra
1154 1670 1390 1732 ltaliam
1415 1670 1642 1732 beilum
1670 1685 1917 1744 gerere,
1965 1683 2176 1743 neque

197 1767 415 1827 regem,
460 1768 663 1830 neque
714 1759 957 1828 gentem
998 1756 1182 1820 ullam
1234 1769 1444 1828 parem
1484 1755 1780 1816 Romanis
1818 1769 1987 1813 esse.
2055 1749 2174 1826 sibi

201 1842 976 1916 centum‘tectasnaveset
997 1838 1212 1902 decem
1234 1839 1400 1901 milia
1419 1839 1706 1914 peditum,
1735 1835 1900 1895 mille
1925 1837 2166 1910 equites

199 1920 613 1996 deposcebat.
644 1933 819 1987 ease
848 1921 1052 1982 classe
1073 1922 1335 1994 primum
1357 1917 1626 1981 Africam
1649 1920 1994 1995 petiturum.
2038 1935 2168 1982 max

198 2018 478 2081 gnopere
518 2003 833 2073 confidere
873 2010 935 2065 et
961 2002 1496 2079 Carthaginienses
1528 2005 1610 2065 ad
1637 2004 2058 2066 rebellandum
2084 2005 2166 2064 ab

202 2104 273 2151 se
303 2088 588 2164 compelli
620 2103 835 2164 posse.
902 2088 956 2147 si
984 2086 1070 2150 illi
1099 2096 1476 2163 cunctentur,
1508 2103 1580 2148 se
1610 2088 1817 2164 aliqua
1844 2095 2020 2163 parte
2048 2088 2162 2147 Ita-

198 2172 319 2233 liae
375 2172 787 2243 excitaturum·
822 2172 1117 2237 Romanis
1171 2172 1418 2235 bellum.
1489 2186 1697 2247 regem
1756 2187 1894 2232 cum
1918 2227 1922 2234 ,
1945 2172 2165 2231 ceteris

202 2258 487 2322 omnibus
526 2258 788 2325 transire
828 2256 891 2317 in
918 2256 1232 2331 Europam
1273 2255 1532 2326 debere,
1576 2254 1726 2314 etin
1757 2255 1965 2329 aliqua
1989 2261 2166 2328 parte

203 2342 497 2406 Graeciae
526 2342 743 2416 copias
775 2341 1115 2412 continere,
1148 2355 1354 2416 neque
1381 2338 1784 2413 traicientem,
1815 2344 1877 2397 et
1906 2338 2074 2413 quod
2103 2337 2166 2396 in

201 2426 473 2501 speciem
496 2426 843 2501 famamun
862 2424 1007 2487 belli
1028 2425 1181 2487 satis
1200 2424 1300 2498 sit,
1322 2429 1600 2499 paratum
1623 2422 1902 2483 traicere.
1928 2420 2078 2481 LXI.
2105 2421 2165 2480 in
2283 2457 2296 2465 -

203 2512 363 2570 hanc
414 2511 777 2574 sententiam
820 2526 959 2573 cum
1000 2509 1366 2573 adduxisset
1404 2524 1642 2583 regem,
1700 2506 2164 2583 praeparandos

203 2594 320 2655 sibi
350 2594 433 2655 ad
459 2594 524 2654 id
546 2594 947 2669 popularium
970 2594 1208 2653 animos
1236 2600 1436 2665 ratuS,
1468 2593 1732 2667 litteraS‚
1755 2608 1840 2655 ne
1864 2608 1988 2667 quo
2013 2606 2166 2651 casu

200 2679 577 2754 interceptae
606 2680 811 2755 palam
834 2678 1104 2738 facerent
1125 2685 1363 2751 conata,
1395 2677 1667 2741 scribere
1689 2692 1812 2739 non
1836 2684 1933 2738 est
1950 2691 2164 2737 ausus,

200 2764 552 2833 Aristonem
581 2762 891 2839 quendam
910 2762 1159 2841 Tyrium
1181 2770 1442 2825 nanctus
1463 2761 1714 2839 Ephesi,
1745 2767 2166 2837 expertusque

202 2848 512 2914 solertiam
554 2847 889 2910 levioribus
918 2847 1298 2921 ministeriiS,
1341 2847 1559 2922 partim
1589 2845 2030 2921 donispartim.
2049 2859 2165 2919 spe

203 2932 614 3006 praemiorum
658 2938 1007 3006 oneratum,
1051 2931 1276 3007 quibus
1317 2932 1499 2993 ctiam
1539 2932 1683 3006 ipse
1702 2946 1818 2993 rex
1847 2930 2164 3002 adnuerat,

202 3016 627 3091 Carthaginem
675 3032 813 3078 cum
859 3016 1162 3083 mandatis
1211 3016 1416 3085 mittit3
1483 3016 1608 3076 edit
1656 3014 1904 3075 nomina
1951 3028 2161 3071 eorum

202 3100 427 3175 quibus
458 3102 777 3169 conventis
807 3116 969 3176 opus
992 3106 1161 3165 esset
1174 3125 1193 3170 ς
1235 3099 1479 3162 instruit
1499 3098 1679 3161 etiam
1696 3097 1958 3159 secretis
1981 3096 2160 3170 notis„

199 3200 313 3260 per
340 3201 501 3262 quas
530 3184 697 3255 haud,
722 3183 911 3248 dubie
928 3189 1342 3259 agnoscerent
1361 3198 1476 3245 sua
1494 3183 1786 3243 mandata
1805 3196 1968 3241 esse.
1997 3180 2163 3240 hunc

198 3270 553 3331 Aristonem
575 3269 937 3345 Carthagine
965 3269 1393 3333 obversantem
1424 3284 1546 3331 non
1576 3265 1749 3342 prius
1779 3265 1958 3327 amici
1980 3280 2162 3339 quam

197 3353 424 3415 inimici
450 3352 835 3427 Hannibalis,
883 3370 1009 3429 qua
1049 3354 1129 3413 de
1157 3368 1348 3415 causa
1375 3350 1679 3425 venisset,
1720 3354 2162 3425 cognoverunt.

198 3445 261 3498 et
285 3438 487 3513 primo
516 3438 579 3497 in
611 3438 853 3501 circuiis
876 3437 1300 3515 conviviisque
1323 3437 1630 3498 celebrata
1651 3433 2036 3496 sermonibus
2057 3448 2160 3493 res

198 3528 323 3591 θεῖς
372 3520 599 3583 deinde
626 3522 687 3581 in
719 3529 936 3583 senatu
967 3520 1214 3597 quidam
1242 3522 1390 3583 nihil
1419 3528 1619 3583 actum
1647 3535 1791 3581 esse
1819 3520 2025 3580 dicere
2052 3533 2156 3580 ex·
