2548 3950
370 248 499 313 354
637 248 871 310 LIBER
897 248 1220 309 xxxvm.
1266 248 1429 308 CAP.
1460 255 1548 311 39.
1567 256 1656 311 40.
1697 249 1770 325 [a.
1797 252 1864 306 υ.
1890 248 2087 329 αεω]

372 399 707 463 civitatium
748 406 949 467 autem
990 398 1249 473 cognitis
1281 400 1486 461 causis
1518 400 1729 459 decem
1760 400 1943 475 legati
1975 400 2154 459 aliam
2185 400 2333 460 alia-

369 500 505 545 rum
549 486 825 545 fecerunt
863 482 1304 544 condicionem.
1371 498 1530 558 quae
1572 482 2008 556 stipendiariae
2045 482 2178 557 regi
2205 482 2333 542 An-

370 567 578 628 tiocho
621 569 861 627 ruerant
899 572 959 627 et
987 560 1125 627 cu'm
1152 567 1386 641 populo
1415 568 1690 627 Romano
1723 571 2076 641 senserant,
2118 566 2196 626 iis
2226 566 2334 625 im-

368 649 722 711 munitatem
766 650 1097 719 dederunt;
1144 665 1306 725 quae
1345 650 1608 724 partium
1635 648 1924 711 Antiochi
1964 650 2206 709 fuerant
2233 657 2334 709 aut

371 733 802 810 stipendiariae
827 732 1011 795 Attali
1039 734 1223 808 regis,
1254 748 1362 793 eas
1395 749 1608 793 omnes
1635 733 1896 807 vectigal
1919 734 2194 809 pendere
2215 734 2331 793 Eu-

368 817 530 877 meni
560 820 891 877 iusserunt.
957 818 1308 879 nominatim
1337 824 1656 891 praeterea
1686 815 2104 891 ColophoniiS,
2141 817 2247 891 qui
2275 820 2332 876 in

364 899 547 961 Notio
575 899 861 973 habitant,
894 908 953 961 et
975 900 1257 978 Cymaeis
1289 907 1350 960 et
1367 900 1703 979 Mylasenis
1732 900 2165 960 immunitatem
2190 916 2332 963 con·

374 989 713 1056 cesserunt,
747 984 1146 1044 Clazomeniis
1178 1000 1368 1060 super
1396 984 1828 1045 immunitatem
1850 989 1912 1043 et
1929 984 2333 1061 Drymussam

373 1068 634 1127 insulam
677 1068 843 1127 dono
888 1066 1215 1142 dederunt,
1259 1075 1320 1127 et
1345 1066 1602 1128 Milesiis
1635 1083 1816 1142 quem
1846 1082 2092 1127 sacrum
2123 1068 2333 1143 appel-

368 1153 500 1211 lant
528 1166 741 1225 agrum
769 1150 1176 1225 restituerunt,
1212 1156 1276 1210 et
1309 1151 1634 1211 Iliensibus
1664 1148 2005 1211 Rhoeteum
2035 1157 2096 1209 et
2127 1150 2334 1225 Gergi-

370 1234 540 1295 thum
581 1233 975 1304 addiderunt‚
1018 1250 1141 1295 non
1170 1240 1294 1293 tam
1333 1235 1413 1295 ob
1441 1233 1711 1295 recentia
1750 1235 1874 1293 ulla
1906 1234 2122 1294 merita
2151 1250 2335 1309 quam

372 1316 674 1393 originum
714 1317 1026 1377 memoria.
1083 1318 1298 1378 eadem
1332 1324 1394 1377 et
1419 1318 1772 1378 Dardanum
1811 1318 2111 1378 liberandi
2147 1332 2337 1378 causa

370 1402 499 1461 fuit.
556 1400 737 1461 Chios
772 1417 1022 1476 quoque
1050 1408 1112 1463 et
1137 1400 1515 1477 Smyrnaeos
1547 1409 1607 1461 et
1631 1400 2029 1477 ErythranS‚
2066 1416 2184 1475 pro
2215 1402 2334 1461 sin·

369 1484 564 1558 gulari
593 1485 733 1558 fide,
767 1500 947 1559 quam
981 1500 1055 1544 eo
1087 1486 1248 1546 bello
1279 1487 1726 1560 praestiterunt,
1757 1491 1818 1544 et
1845 1499 1994 1558 agro
2028 1484 2338 1545 donarunt

370 1568 518 1628 etin
560 1568 722 1627 omni
768 1568 1099 1644 praecipuo
1146 1568 1382 1630 honore
1423 1567 1784 1629 habuerunt.
1837 1566 2336 1629 Phocaeensibus

369 1659 431 1710 et
460 1666 623 1724 ager,
660 1667 841 1725 quem
872 1658 1010 1711 ante
1038 1652 1263 1712 bellum
1291 1652 1646 1728 habuerant,
1677 1652 1973 1725 reddituS‚
2003 1657 2067 1712 et
2093 1657 2163 1712 ut
2190 1651 2338 1727 legi-

366 1734 487 1793 bus
512 1733 777 1807 antiquis
805 1739 1112 1795 uterentur
1132 1736 1520 1811 permissum.
1551 1734 1809 1797 Rhodiis
1833 1736 2155 1796 adfirmata
2179 1750 2336 1810 quae

370 1816 511 1876 data
540 1815 747 1891 priore
777 1816 1025 1877 decreto
1058 1825 1261 1893 erant,
1303 1819 1495 1897 Lycia
1523 1825 1586 1878 et
1614 1818 1790 1879 Caria
1817 1819 1996 1888 datae
2024 1835 2232 1894 usque
2260 1820 2334 1883 ad

367 1898 765 1961 Maeandrum
795 1914 1033 1960 amnem
1058 1909 1301 1978 praeter
1313 1903 1707 1963 Telmessum.
1738 1903 1868 1978 regi
1883 1902 2138 1962 Eumeni
2153 1902 2336 1962 Cher-

370 2000 664 2047 sonesum
691 1985 752 2044 in
776 1985 1027 2064 Europa
1050 1993 1110 2046 et
1127 1986 1595 2064 Lysimachiam,
1626 1988 1879 2047 castella
1900 1987 2074 2047 vicos
2099 2001 2335 2061 agrum,

372 2068 595 2142 quibus
636 2066 860 2129 finibus
903 2075 1184 2131 tenuerat
1220 2070 1597 2143 Antiochus,
1639 2070 2021 2140 adiecerunt3
2079 2070 2140 2129 in
2185 2070 2339 2130 Asia

368 2151 695 2228 Phrygiam
718 2158 1041 2227 utramque
1063 2185 1150 2196 —
1167 2153 1416 2213 alteram
1438 2155 1516 2212 ad
1537 2153 2020 2229 Hellespontum,
2042 2152 2338 2214 maiorem

369 2236 619 2294 alteram
662 2244 885 2297 vocant
914 2270 987 2280 -
1022 2243 1083 2297 et
1108 2237 1402 2314 Mysiam,
1450 2253 1630 2312 quam
1661 2236 1910 2297 Prusias
1949 2252 2061 2296 rex
2090 2236 2337 2298 ademe-

366 2325 476 2390 rat,
512 2320 566 2378 ei
588 2320 1009 2391 restituerunt3
1055 2326 1116 2380 et
1135 2321 1510 2398 Lycaoniam
1536 2327 1597 2379 et
1615 2319 1888 2397 Milyada
1917 2325 1977 2382 et
1995 2319 2256 2398 Lydiam
2279 2328 2340 2381 et

369 2402 723 2462 nominatim
762 2404 951 2465 urbes
991 2404 1223 2464 Tralles
1264 2411 1452 2480 atque
1488 2401 1802 2478 Ephesum
1845 2409 1905 2463 et
1934 2401 2333 2464 Telmessum.

367 2484 447 2544 de
474 2483 840 2565 Pamphylia
868 2487 1273 2561 disceptatum
1302 2486 1460 2546 inter
1484 2487 1818 2547 Eumenem
1847 2493 1907 2546 et
1933 2487 2223 2548 Antiochi
2251 2488 2334 2546 le-

366 2575 544 2642 gatos
590 2585 729 2629 cum
770 2575 968 2644 esset,
1015 2570 1161 2646 quia
1186 2586 1335 2656 pars
1366 2571 1500 2632 eius
1532 2569 1681 2630 citra
1708 2585 1855 2645 pars
1887 2572 2046 2630 ultra
2069 2571 2332 2631 Taurum

367 2656 479 2724 est,
508 2651 745 2728 integra
770 2669 874 2714 res
906 2653 986 2714 ad
1017 2663 1296 2714 senatum
1323 2646 1589 2714 reicitur.

532 2733 655 2792 XL.
710 2735 819 2794 His
863 2735 1215 2798 foederibus
1258 2735 1647 2812 decretisque
1689 2737 1846 2796 datis
1887 2736 2150 2797 Manlius
2197 2753 2332 2796 cum

367 2799 583 2876 decem
622 2817 839 2890 legatis
881 2818 1169 2894 omnique
1212 2820 1484 2880 exercitu
1525 2821 1605 2881 ad
1629 2819 2098 2896 Hellespontum
2131 2821 2329 2896 prole·

368 2907 503 2959 ctus
548 2900 820 2960 evocatis
863 2916 939 2963 eo
978 2899 1209 2976 regulis
1239 2899 1550 2963 Gallorum
1589 2903 1794 2980 legeS,
1847 2904 2070 2979 quibus
2114 2919 2330 2980 pacem

368 2999 507 3044 cum
534 2981 807 3044 Eumene
838 2991 1183 3064 servarent,
1214 2985 1398 3056 dixit3
1446 2986 1838 3062 denuntiavit,
1869 2994 1936 3048 ut
1961 3001 2196 3048 morem
2227 3005 2330 3046 va·

366 3067 552 3140 gandi
593 3083 732 3129 cum
775 3068 959 3128 armis
1003 3068 1276 3142 finirent,
1322 3085 1734 3148 agrorumque
1778 3086 2029 3132 suorum
2059 3069 2331 3131 terminis

366 3165 437 3209 se
468 3152 864 3212 continerent.
910 3153 1237 3214 contractis
1268 3153 1492 3214 deinde
1520 3170 1599 3214 ex
1629 3154 1791 3215 omni
1824 3153 1933 3215 ora
1954 3154 2244 3228 navibus,
2273 3159 2332 3213 et

364 3232 651 3293 Eumenis
703 3233 885 3294 etiam
938 3236 1144 3296 classe
1183 3251 1296 3312 per
1334 3237 1716 3300 Athenaeum
1756 3238 2002 3299 fratrem
2043 3237 2213 3313 regis
2253 3237 2330 3296 ab

365 3316 553 3376 Elaea
592 3317 888 3393 adducta,
936 3319 1151 3394 copias
1194 3333 1407 3380 omnes
1439 3319 1498 3380 in
1526 3319 1834 3397 Europam
1874 3321 2125 3382 traiecit.
2186 3319 2331 3380 inde

366 3414 478 3472 per
507 3400 961 3462 Chersonesum
1000 3401 1259 3464 modicis
1302 3402 1618 3465 itineribus
1645 3419 1834 3480 grave
1864 3404 2102 3480 praeda
2129 3403 2330 3464 omnis

362 3483 607 3555 generis
657 3498 876 3558 agmen
928 3483 1177 3546 trahens
1229 3485 1656 3566 Lysimachiae
1705 3488 1918 3548 stativa
1972 3486 2214 3562 habuit,
2263 3495 2332 3550 ut
