2548 3950
258 230 390 293 190
504 230 739 290 LIBER
764 229 1007 292 XXXV.
1053 229 1218 289 CAP.
1251 238 1337 292 16.
1363 238 1448 293 17.
1474 234 1675 301 18.=[-⁴a.
1707 234 1779 285 U.
1808 250 1856 285 c.
1886 234 2012 299 559]

266 401 643 461 quemquam
671 382 894 445 foedus
923 382 1315 455 mutaverint,
1360 381 1452 441 sic
1478 379 1671 440 Asiae
1700 379 2008 453 civitates»,
2038 387 2106 441 ut
2127 396 2229 441 se·

262 471 385 529 mel
411 474 706 528 venerunt
726 468 788 526 in
812 467 1112 527 maiorum
1132 463 1419 526 Antiochi
1442 469 1825 539 potestatem,
1850 462 1913 522 in
1933 471 2241 539 perpetua

266 553 676 629 possessione
704 550 879 625 regni
905 550 1097 611 vestri
1127 548 1567 625 permansisse,
1597 554 1660 607 et
1685 563 1811 608 non
1841 547 1993 607 alias
2024 563 2244 609 earum

266 641 322 697 in
359 637 619 711 Philippi
661 636 812 696 alias
856 635 914 693 in
943 633 1273 694 Ptolemaei
1314 632 1509 693 misae
1550 638 1886 707 potestate,
1929 631 2081 691 alias
2124 648 2245 707 per

267 725 491 781 multos
531 719 924 780 annos-nullo
955 718 1298 793 ambigente
1325 717 2069 790 libertatemusarpassev
2094 732 2242 777 nam

268 809 341 881 si,
377 807 543 879 quod
569 803 897 879 aliquando
923 802 1283 877 servierunt,
1311 807 1654 876 temporum
1676 799 1991 873 iniquitate
2012 799 2231 874 pressi,

268 893 365 951 ius
419 897 559 963 post
609 894 699 949 tot
735 887 946 947 secula
998 885 1327 948 adserendi
1378 900 1491 946 eos
1530 885 1591 944 in
1633 886 1987 945 servitutem
2036 884 2239 958 faciet,

270 975 421 1049 quid
465 975 670 1045 abest,
723 971 870 1046 quin
914 978 1118 1032 actum
1157 970 1337 1031 nobi-s
1380 968 1529 1028 nibil
1570 969 1650 1030 sit
1691 968 1859 1045 quod
1887 984 1927 1027 a
1951 966 2241 1043 Philippo

268 1059 660 1117 liberavimus
695 1055 1029 1128 Graeciam,
1063 1063 1122 1116 et
1147 1059 1432 1130 repetant
1459 1052 1690 1130 posteri
1720 1053 1854 1113 eius
1885 1050 2239 1113 Corinthum

272 1143 615 1201 Chalcidem
631 1100 1076 1199 Demetriadem
1092 1145 1153 1198 et
1161 1138 1596 1199 Thessalorum
1609 1143 1797 1198 totam
1807 1142 2093 1212 gentem?
2120 1136 2243 1197 sed

274 1227 421 1301 quid
439 1241 549 1299 ego
573 1238 819 1284 causam
835 1223 1161 1283 civitatium
1176 1238 1313 1298 ago,
1333 1237 1513 1297 quam
1529 1222 1683 1297 ips-is
1708 1220 2240 1297 agentibusetnos

272 1319 331 1369 et
357 1325 563 1383 regem
609 1309 808 1383 ipsum
853 1306 1230 1383 cegnoscere
1273 1307 1535 1382 aequius
1566 1310 1741 1367 est?“
1792 1304 1977 1365 XVII.
2023 1305 2241 1365 vocari

274 1395 497 1453 deinde
541 1392 866 1453 civitatium
893 1392 1233 1467 legationes
1262 1390 1473 1465 iussit,
1514 1397 1915 1467 praeparatas
1945 1389 2064 1448 iam
2094 1395 2243 1449 anoe

272 1489 331 1537 et
361 1481 686 1537 instructas
718 1474 794 1535 ab
823 1476 1114 1551 Eumene,
1147 1476 1250 1551 qui
1282 1482 1843 1551 quantum-cumque
1870 1474 2088 1533 virium
2107 1473 2242 1532 An-

272 1563 475 1625 tiocho
529 1560 935 1635 decessisset,
988 1577 1102 1621 suo
1156 1560 1218 1619 id
1262 1575 1661 1621 accessurum
1708 1574 1899 1634 regno
1953 1557 2242 1617 ducebat.

274 1645 525 1705 admissi
559 1647 784 1719 plures»,
817 1643 959 1703 dum
985 1661 1133 1705 suas
1159 1645 1425 1719 quisque
1445 1659 1609 1705 nunc
1632 1645 2107 1719 querelasnunc
2128 1656 2233 1700 ex·-
2293 1666 2300 1670 ·

272 1729 716 1801 postulationes
732 1728 961 1800 inserit,
980 1736 1041 1788 et
1063 1743 1265 1802 aequa
1287 1728 1511 1802 iniquis
1534 1727 1810 1799 miscent,
1828 1742 1906 1785 ex
1929 1724 2240 1800 disceptas

272 1815 437 1877 tione
481 1812 932 1872 altercationem
971 1812 1262 1872 fecerunt.
1330 1812 1537 1886 itaque
1578 1826 1693 1871 nec
1732 1810 1994 1871 remissa
2020 1811 2143 1869 ulla
2169 1823 2243 1868 re

272 1915 385 1955 nec
431 1899 774 1969 impetrata,
822 1910 1021 1971 aeque
1062 1912 1134 1957 ac
1172 1902 1469 1956 venerant
1508 1894 1775 1955 omnium
1816 1893 2029 1953 incerti
2055 1892 2239 1967 legati

276 1983 531 2039 Romam
563 1981 889 2040 redierunt.

441 2065 573 2123 Rex
619 2065 888 2125 dimissis
930 2064 1005 2125 iis
1049 2065 1373 2125 consillum
1402 2063 1481 2124 de
1508 2063 1671 2124 bello
1700 2064 1977 2124 Romano
2004 2061 2239 2121 habuit.

272 2148 355 2208 ihi
387 2150 545 2210 alius
577 2150 695 2210 alio
726 2149 1028 2220 ferociuS,
1077 2150 1222 2224 quia
1251 2165 1375 2224 quo
1408 2148 1671 2223 quisque
1703 2148 1987 2222 asperius
2016 2142 2238 2205 adver-

274 2252 383 2292 sus
413 2234 726 2294 Romanos
770 2234 1012 2295 locutus
1063 2241 1258 2304 esset,
1304 2249 1379 2292 eo
1422 2248 1570 2306 spes
1600 2232 1832 2306 gratiae
1860 2229 2055 2291 maior
2084 2234 2237 2302 etat,

272 2320 427 2376 alius
461 2316 812 2392 superbiam
841 2318 1284 2392 postulatorum
1314 2317 1653 2390 increpare,
1681 2322 1991 2390 tamquam
2017 2311 2242 2372 Nabidi

270 2402 463 2472 victe,
497 2402 585 2460 sic
615 2400 950 2474 Antioch0‚
996 2403 1262 2461 maximo
1290 2401 1482 2460 Asiae
1509 2415 1754 2474 regum,
1796 2397 2240 2475 imponentium

274 2488 459 2558 leges.
507 2501 878 2560 quamquam
904 2483 1122 2544 Nabidi
1150 2492 1352 2544 tamen
1381 2483 1855 2545 dominationem
1886 2483 1947 2542 in
1976 2480 2235 2557 patriam

272 2586 443 2626 suam
491 2578 547 2628 et
589 2569 845 2642 patriam
872 2569 1398 2629 Lacedaemonem
1440 2568 1791 2628 remissamz
1844 2563 2151 2627 Antiocho
2181 2563 2240 2624 si

274 2650 539 2726 Smyrna
569 2660 625 2712 et
651 2652 1034 2728 Lampsacus
1062 2652 1360 2728 imperata
1387 2652 1637 2727 faciant,
1677 2651 1991 2726 indignum
2020 2647 2237 2708 videri.

274 2736 371 2792 alii
415 2752 641 2808 parvas
672 2742 733 2796 et
760 2737 866 2795 vix
900 2736 1068 2796 dictu
1097 2737 1315 2811 dignas
1344 2734 1494 2796 belli
1519 2752 1741 2797 causas
1771 2742 1937 2796 tanto
1963 2733 2097 2808 regi
2126 2748 2240 2792 eas

272 2818 547 2878 civitates
583 2835 741 2880 esse.
810 2821 924 2880 sed
952 2818 1184 2881 initium
1214 2835 1462 2896 semper
1490 2836 1527 2879 a
1555 2821 1764 2895 parvis
1792 2820 2019 2880 iniusta
2043 2818 2240 2892 impe-

272 2904 449 2962 tandi
481 2904 641 2978 fieri,
685 2904 802 2966 nisi
833 2903 1153 2964 crederent
1180 2904 1435 2977 PersaS,
1470 2919 1603 2965 cum
1636 2917 1860 2980 aquam
1883 2911 2240 2976 terramque

272 2988 345 3044 ab
379 2988 884 3050 Lacedaemoniis
915 2986 1228 3062 petierint,
1269 2989 1452 3064 gleba
1479 2996 1679 3049 terrae
1702 2995 1762 3049 et
1788 2987 2013 3048 haustu
2036 2999 2242 3061 aquae

270 3072 535 3144 eguisse.
597 3088 711 3146 per
749 3072 1006 3133 similem
1049 3074 1503 3148 temptationem
1535 3073 1832 3133 Romanis
1875 3072 1955 3131 de
1991 3063 2238 3131 duabus

272 3156 611 3216 civitatibus
635 3156 750 3233 agi.
796 3165 859 3217 et
875 3157 1027 3216 alias
1054 3157 1349 3232 civitatee,
1372 3157 1552 3217 simul
1575 3154 1771 3217 duas
1754 3171 1962 3230 iugum
1985 3152 2242 3215 exuisse

268 3240 599 3314 vidissent,
659 3241 740 3302 ad
787 3241 1176 3302 liberatorem
1227 3242 1523 3316 populum
1572 3233 1939 3301 defecturas.
2009 3238 2062 3298 si
2110 3250 2237 3296 non

269 3322 517 3384 libertas
567 3325 857 3385 servitute
899 3324 1104 3401 potior
1145 3325 1252 3400 sit,
1296 3331 1499 3387 tamen
1539 3323 1704 3386 omni
1734 3322 2045 3400 praesenti
2073 3329 2241 3382 statu

270 3424 443 3478 spem
479 3412 779 3483 cuiusque
810 3409 1079 3470 novandi
1107 3424 1209 3470 res
1240 3425 1389 3469 suas
1414 3409 1797 3469 blandiorem
1826 3423 1987 3468 esse.

437 3492 649 3548 XVIII.
696 3492 1052 3552 Alexander
1078 3495 1365 3553 Acarnan
1395 3493 1469 3552 in»
1489 3493 1747 3554 consilio
1773 3499 1924 3565 erat,
1953 3489 2242 3564 Philippo
