2548 3950
305 207 350 268 8
639 204 872 265 LIBER
892 203 1100 263 XXXI.
1147 202 1313 262 CAP.
1338 210 1391 263 9.
1417 211 1502 262 10.
1548 207 1620 273 [a.
1643 205 1715 258 U.
1738 223 1788 258 c.
1812 208 1937 272 552]

309 356 542 433 petisse
581 353 660 412 ab
701 368 848 426 rege
891 353 1200 412 auxilium.
1269 359 1538 412 ceterum
1581 352 1693 412 etsi
1724 365 2078 412 communes
2108 351 2269 413 socii

305 440 446 510 sint,
477 445 678 498 tamen
709 436 825 496 nisi
852 451 932 496 ex
961 435 1318 496 auctoritate
1346 435 1562 511 populi
1587 434 1847 495 Romani
1876 451 2079 511 neque
2106 437 2271 495 clas-

310 538 439 582 sem
481 535 682 595 neque
723 520 1058 581 exercitum
1095 517 1463 578 defendendi
1505 525 1611 578 aut
1638 519 2031 595 oppugnandi
2061 519 2269 579 cuius-

313 621 494 681 quam
524 619 714 663 eausa
739 619 947 678 regern
975 603 1037 662 in
1063 600 1379 662 Graeciam
1406 601 1737 662 missurum
1767 617 1927 662 esse.
1972 603 2072 661 vel
2095 603 2269 678 quie-

305 698 508 750 turum
533 702 675 747 eum
707 688 768 746 in
795 701 1011 762 regno,
1039 686 1094 745 si
1121 686 1357 760 populo
1388 685 1664 746 Romano
1694 686 1903 746 socios
1932 687 2274 746 defendere·

306 772 523 840 libeat3
553 772 649 830 vel
669 771 980 831 Romanos
1011 770 1350 844 quiescere,
1377 768 1434 828 si
1457 770 1680 842 malint,
1714 785 2058 844 passurum,
2082 776 2273 844 atquo

306 856 512 930 ipsum
540 853 781 928 auxilia,
816 869 973 928 quae
1001 851 1182 912 facile
1211 851 1513 913 adversus
1533 851 1879 927 Philippum
1902 853 2053 912 tueri
2076 853 2271 912 Athe-

307 953 421 998 nas
471 944 759 1013 possent,
812 937 1161 996 missurum.
1233 936 1467 1009 gratiae
1513 935 1643 1010 regi
1694 936 1771 996 ab
1812 943 2031 996 senatu
2072 944 2273 1010 actae,

306 1035 804 1097 responsumque
855 1020 1035 1080 tutari
1083 1019 1295 1079 socios
1346 1021 1577 1094 populo
1626 1020 1905 1080 Romano
1951 1020 2011 1078 in
2059 1019 2272 1080 :animo

308 1121 484 1166 essex
527 1106 581 1166 si
623 1121 746 1180 qua
784 1120 852 1163 re
893 1105 974 1163 ad
1013 1103 1078 1162 id
1106 1102 1333 1162 bellum
1362 1118 1521 1178 opus
1553 1103 1659 1174 sit,
1710 1103 2085 1164 indicaturos
2115 1101 2273 1177 regi,

309 1189 606 1263 regnique
648 1188 780 1249 eius
822 1201 978 1262 opes
1021 1187 1182 1245 scire
1221 1185 1503 1248 subsidia
1542 1187 1715 1247 firma
1754 1202 1829 1247 ac
1869 1187 2076 1248 fidelia
2114 1201 2272 1246 suae

309 1273 396 1332 rei
425 1271 710 1348 publicae
739 1285 900 1331 esse.
950 1283 1204 1330 munera
1231 1269 1457 1330 deinde
1484 1271 1700 1345 legatis
1730 1271 1791 1329 in
1821 1270 2097 1346 singulos
2128 1269 2267 1342 qui-

310 1373 453 1418 num
481 1355 708 1414 milium
737 1356 897 1414 aeris
929 1370 1008 1414 ex
1037 1361 1291 1414 senatus
1322 1354 1601 1414 consulto
1626 1353 1841 1414 missa.

479 1440 627 1501 Cum
667 1438 952 1498 dilectum
984 1437 1273 1499 consules
1303 1436 1623 1512 haberent,
1668 1444 2077 1512 pararentque
2108 1451 2273 1511 quae

309 1524 388 1583 ad
437 1523 660 1582 bellum
713 1538 873 1596 opus
925 1528 1162 1593 essent,
1216 1520 1433 1582 civitas
1480 1521 1797 1595 religiosa,
1847 1523 1908 1579 in
1951 1519 2272 1596 principiis

309 1606 572 1664 maxime
613 1619 912 1664 novorum
942 1604 1272 1676 bellorum,
1318 1603 1867 1679 supplicationibus
1896 1603 2119 1664 habitis
2147 1604 2271 1663 iam

301 1695 372 1756 ,et
422 1688 847 1748 obsecratione
898 1687 1061 1748 circa
1111 1687 1315 1748 omnia
1366 1687 1703 1761 pulvinaria
1751 1688 1941 1759 facta,
1998 1702 2077 1746 ne
2120 1686 2273 1761 quid

313 1770 890 1844 praetermitteretur
947 1769 1115 1845 quod
1159 1770 1492 1844 aliquando
1551 1772 1774 1830 factum
1828 1777 2027 1841 esset,
2084 1771 2277 1830 ludos

309 1853 439 1915 Iovi
469 1855 823 1930 donumque
858 1869 1086 1914 vovere
1115 1855 1461 1928 consulem,
1506 1854 1604 1912 eui
1632 1855 1952 1929 provincia
1979 1853 2273 1913 Macedo·

309 1938 412 1999 nia
440 1938 767 2012 evenisset,
809 1938 1004 2000 iussit.
1075 1953 1306 1999 moram
1338 1943 1481 1998 voto
1514 1937 1761 2013 publico
1788 1937 2085 1999 Licinium
2114 1953 2275 2013 pon-

307 2022 457 2082 tifex
497 2022 799 2081 maximus
829 2022 1050 2093 attulit,
1097 2022 1202 2096 qui
1229 2021 1477 2096 negavit
1498 2037 1582 2081 ex
1610 2022 1840 2083 incerta
1869 2022 2132 2098 pecunia
2158 2038 2277 2082 vo-

311 2120 454 2165 vere
496 2106 753 2177 debere,
799 2106 944 2180 quia
983 2121 1059 2165 ea
1098 2106 1363 2181 pecunia
1390 2121 1513 2166 non
1540 2113 1757 2191 posset
1782 2106 1844 2165 in
1873 2106 2099 2166 bellum
2128 2106 2275 2166 usui

311 2202 482 2264 esse,
541 2189 887 2264 seponique
935 2188 1137 2249 statim
1189 2186 1440 2247 deberet
1485 2204 1601 2248 nec
1653 2204 1791 2249 eum
1840 2189 1959 2249 alia
2006 2190 2277 2265 pecunia

311 2272 585 2341 misceri;
619 2273 786 2349 quod
816 2274 868 2333 si
899 2274 1126 2333 sactum
1146 2279 1333 2346 esset,
1364 2280 1573 2333 votum
1592 2272 1705 2331 rite
1728 2273 1887 2333 solvi
1909 2288 2031 2333 non
2054 2287 2271 2346 posse.

309 2372 682 2431 quamquam
713 2363 774 2416 et
799 2372 902 2417 res
929 2362 992 2417 et
1019 2364 1232 2417 auctor
1256 2355 1559 2427 movebat,
1602 2363 1803 2416 tamen
1836 2356 1914 2416 ad
1944 2356 2276 2430 collegium

309 2439 666 2512 pontificum
705 2441 935 2499 referre
978 2440 1196 2499 consul
1237 2438 1479 2511 iussus,
1524 2439 1576 2498 si
1606 2448 1824 2513 posset
1864 2446 2034 2500 recte
2060 2446 2281 2500 votum

307 2522 574 2581 incertae
601 2522 902 2595 pecuniae
932 2521 1187 2595 suscipi.
1252 2536 1473 2595 posse,
1516 2522 1867 2599 rectiusque
1895 2523 2076 2583 etiam
2104 2538 2277 2597 esse,

309 2604 634 2679 pontifices
691 2604 1115 2664 decreverunt.
1205 2604 1371 2663 vovit
1418 2604 1478 2664 in
1538 2605 1754 2666 eadem
1806 2608 1997 2666 verba
2053 2606 2277 2668 consul

309 2694 644 2763 praeeunte
670 2686 935 2747 maximo
969 2687 1287 2761 pontifice,
1336 2687 1557 2762 quibus
1586 2697 1765 2751 antea
1793 2690 2278 2766 quinquennalia

311 2777 452 2829 vota
479 2769 715 2845 suscipi
737 2769 920 2830 solita
940 2781 1128 2841 erant,
1157 2778 1585 2846 praeterquam
1609 2775 1777 2848 quod
1799 2781 1967 2834 tanta
1988 2772 2275 2849 pecunia,

309 2859 597 2928 quantam
640 2859 768 2913 tum
810 2869 945 2913 cum
987 2856 1333 2914 solveretur
1371 2861 1621 2916 senatus
1666 2858 2043 2930 censuisset,
2086 2857 2277 2918 ludos

307 2936 595 3011 donaque
624 2936 923 2997 facturum
951 2937 1137 2997 vovit.
1180 2940 1405 2997 totiens
1436 2945 1575 2999 ante
1602 2941 1729 2999 ludi
1758 2940 1962 3015 magni
1991 2940 2071 3001 de
2102 2946 2281 3001 certa

307 3020 574 3094 pecunia
599 3020 724 3079 voti
754 3026 954 3079 erant:
1002 3020 1064 3078 hi
1095 3021 1274 3096 primi
1302 3022 1381 3081 de
1410 3022 1659 3082 incerta.

461 3104 535 3163 X.
592 3102 870 3165 Omnium
911 3101 1130 3164 animis
1171 3103 1232 3163 in
1272 3104 1499 3165 bellum
1538 3104 2002 3168 Macedonicum
2049 3107 2277 3183 vei-sie,

305 3196 558 3260 repente
587 3185 735 3249 nihil
761 3187 964 3249 minus
994 3202 1069 3247 eo
1109 3195 1387 3263 tempore
1417 3187 1767 3250 timentibus
1806 3188 2018 3251 Gallici
2048 3193 2273 3253 tumul·

307 3276 404 3329 tus
449 3270 608 3329 fama
649 3279 881 3332 exorta.
952 3271 1244 3332 Insubres
1283 3270 1738 3347 Cenomanique
1780 3280 1841 3333 et
1866 3273 2003 3333 Boii
2045 3273 2277 3335 excitis

307 3350 616 3413 Celinibus
646 3353 1066 3431 Ilvatibusque
1104 3363 1168 3415 et
1208 3354 1429 3415 ceteris
1456 3354 1789 3430 Ligustinis
1826 3356 2103 3430 populis,
2144 3358 2275 3418 Ha-

305 3432 555 3497 milcare
581 3435 788 3497 Poeno
819 3437 996 3510 duce,
1029 3435 1136 3512 qui
1163 3437 1224 3498 in
1255 3436 1333 3497 iis
1362 3437 1519 3497 locis
1554 3439 1631 3499 de
1652 3438 2053 3501 Hasdrubalis
2090 3456 2277 3503 exer-—
