2548 3950
611 221 842 283 LIBER
871 223 1080 286 XXXI.
1125 224 1291 284 CAP.
1312 232 1399 287 44.
1424 234 1511 288 45.
1544 233 1619 302 [a.
1646 201 1711 286 ὁ.
1734 233 1861 302 200]
2092 228 2181 293 39

379 378 586 439 XLIV.
631 376 864 437 Classis
893 394 930 436 a
960 377 1232 456 Corcyra
1271 377 1551 438 eiusdem
1588 380 1888 456 principio
1924 383 2177 444 aestatis

213 480 354 524 eum
389 462 459 521 L.
499 460 765 536 Apustio
814 461 1016 536 legato
1060 463 1368 536 profecta,
1410 461 1611 523 Malea
1650 471 1971 539 superata,
2014 466 2178 527 circa
2246 511 2255 516 -

213 546 566 625 Scyllaeum
594 545 726 619 agri
752 544 1120 606 Hermionici
1147 547 1354 606 Attalo
1382 544 1514 621 regi
1543 547 1867 608 coniuncta
1894 555 2007 609 est.
2049 557 2177 611 tum

210 646 360 692 vero
387 628 854 690 Atheniensium
883 629 1114 703 civitaS‚
1147 629 1246 689 cui
1277 630 1420 692 odio
1450 631 1512 691 in
1538 629 1883 706 Philippum
1912 648 2024 708 per
2048 650 2175 696 me-

211 724 340 778 tum
368 713 488 773 iam
518 713 624 774 diu
654 713 970 773 moderata
995 720 1154 788 erat,
1194 713 1259 773 id
1292 729 1472 775 omne
1505 713 1567 774 in
1594 714 1805 776 auxilii
1830 718 2175 791 praesentis

211 813 390 874 spem
428 796 663 862 effudit.
725 812 841 857 nee
881 813 1176 874 umquam
1202 797 1287 857 ibi
1317 798 1542 860 desunt
1580 797 1824 874 linguae
1852 809 2177 876 promptae

210 883 293 943 ad
338 881 581 956 plebem
631 880 1089 950 concitandam3
1157 881 1326 956 quod
1365 898 1565 957 genus
1606 897 1746 942 eum
1787 883 1850 942 in
1890 885 2174 948 omnibus

210 966 419 1027 liberis
449 963 814 1040 civitatibus,
843 971 968 1025 tum
999 965 1335 1041 praecipue
1360 965 1639 1040 AtheniS,
1682 964 1786 1027 ubi
1817 968 2011 1028 oratio
2042 971 2175 1044 plu-

208 1050 428 1111 rimum
469 1049 688 1124 pollet,
733 1049 946 1110 favore
971 1048 1372 1110 multitudinis
1402 1049 1599 1111 alitur.
1655 1052 2037 1126 rogationem
2068 1068 2177 1112 ex-

209 1134 439 1210 templo
466 1135 750 1209 tulerunt,
778 1134 1124 1209 plebesque
1152 1133 1348 1206 scivit,
1380 1141 1448 1194 ut
1465 1133 1727 1210 Philippi
1756 1140 1999 1197 statuae
2026 1136 2176 1197 ima·

207 1219 386 1294 gines
416 1232 651 1293 omnes,
680 1217 1053 1293 nominaque
1080 1232 1309 1293 earum,
1337 1219 1483 1280 item
1509 1218 1808 1280 maiorum
1834 1219 1969 1281 eius
1999 1221 2177 1282 virile

207 1318 284 1362 ac
336 1300 632 1362 muliebre
687 1315 874 1362 secus
929 1301 1199 1364 omnium
1256 1302 1612 1364 tollerentur
1668 1303 2173 1379 delerenturque3

208 1386 471 1460 diesque
498 1384 637 1446 festi
651 1432 668 1460 ‚
712 1401 922 1460 sacra,
951 1386 1313 1447 sacerdotes
1326 1431 1344 1458 ,
1377 1402 1540 1462 quae
1567 1386 1766 1462 ipsius
1796 1387 2177 1448 maiorumve

207 1471 342 1530 eius
372 1468 626 1531 honoris
655 1479 850 1531 eaus'a
872 1469 1146 1531 instituta
1175 1476 1404 1544 essent,
1438 1470 1643 1531 omnia
1669 1469 2174 1546 profanarentur-2

207 1556 350 1616 loca
375 1568 642 1629 quoque,
686 1554 745 1613 in
780 1553 1004 1630 quibus
1034 1553 1307 1629 positum
1333 1553 1566 1630 aliquid
1592 1553 2032 1629 inscriptumve
2061 1555 2173 1616 ho-

208 1639 378 1700 noris
419 1639 552 1699 eius
597 1652 787 1698 eausa
825 1637 1076 1712 fuisset,
1117 1637 1507 1699 detestabilia
1544 1653 1718 1712 esse,
1761 1654 1965 1714 neque
2006 1639 2069 1699 in
2095 1638 2173 1700 iis

213 1723 542 1798 quicquam
565 1727 802 1797 ‘postea
838 1722 991 1797 poni
1018 1721 1416 1798 dedicarique
1443 1724 1689 1798 placere
1718 1738 1963 1796 eorum,
2011 1738 2173 1798 quae

205 1808 266 1867 in
295 1809 437 1867 loco
480 1821 637 1881 puro
681 1804 832 1882 poni
870 1804 1270 1882 dedicarique
1300 1808 1395 1867 fas
1427 1813 1613 1868 esset.
1671 1807 2029 1868 sacerdotes
2060 1823 2173 1882 pu-

204 1890 436 1964 bliceS,
469 1889 1002 1966 quotienscunque
1043 1905 1156 1966 pro
1185 1891 1418 1967 populo
1447 1890 1810 1952 Atheniensi
1836 1890 2173 1964 sociisque,

201 1985 268 2037 et
313 1973 686 2036 exercitibus
735 1982 797 2036 et
845 1974 1150 2036 elassibus
1202 1992 1418 2037 eorum
1465 1984 1890 2051 precarentur,
1948 1974 2173 2037 totlens

207 2059 498 2121 detesuui
525 2066 714 2135 atque
738 2058 1051 2121 exsecrari
1070 2058 1434 2135 Philippum,
1464 2058 1694 2122 liberos
1722 2059 1857 2120 eius
1887 2074 2172 2135 regnum·

207 2159 360 2220 que,
412 2150 736 2204 terrestres
785 2144 1164 2219 navalesque
1213 2144 1427 2219 copias
1442 2188 1461 2217 ,
1514 2142 1924 2205 Macedonum
1972 2159 2173 2218 genus

203 2243 391 2289 omne
429 2241 794 2305 nomenque.
855 2227 1126 2289 additum
1166 2226 1416 2287 decreto
1432 2272 1447 2296 ‚
1489 2226 1545 2286 si
1575 2226 1715 2301 quis
1744 2227 1906 2301 -quid
1932 2230 2171 2301 postea,

205 2312 377 2387 quod
403 2311 485 2371 ad
516 2318 722 2373 notam
751 2310 1270 2389 ignominiamque
1296 2309 1559 2384 Philippi
1585 2308 1936 2385 pertineret,
1968 2310 2173 2381 ferret,

203 2393 268 2455 id
299 2410 483 2457 omne
521 2398 818 2471 populum
846 2393 1286 2457 Atheniensem
1319 2394 1663 2466 iussurum;
1706 2392 1762 2452 si
1790 2391 1931 2467 quis
1962 2398 2177 2455 eontra

205 2477 596 2554 ignominiam
646 2496 842 2555 prove
889 2480 1126 2540 honore
1173 2476 1309 2539 eius
1360 2475 1623 2539 dixisset
1660 2476 2019 2552 fecissetve,
2068 2476 2177 2553 qui

210 2562 544 2625 occidisset
578 2580 716 2626 eum
731 2611 748 2640 ,
800 2565 931 2626 iure
971 2577 1317 2623 eaesurum.
1377 2568 1692 2637 postremo
1733 2561 2064 2636 inclusum,
2108 2569 2176 2624 ut

205 2647 418 2709 omnia
439 2663 599 2723 quae
621 2649 922 2710 adversus
934 2645 1351 2724 Pisistratidas
1376 2646 1623 2709 decreta
1646 2646 1960 2722 quondam
1980 2651 2171 2720 erant,

203 2731 429 2793 eadem
467 2731 529 2793 in
556 2732 836 2808 Philippo
881 2738 1291 2793 servarentur.
1356 2730 1769 2791 Athenienses
1800 2729 2048 2805 quidem
2078 2730 2179 2791 lit-

199 2814 355 2877 teris
382 2816 736 2893 verbisque,
768 2817 994 2893 quibus
1020 2816 1174 2877 solis
1201 2816 1427 2890 valent,
1451 2814 1680 2877 bellum
1708 2814 2011 2876 adversus
2033 2812 2175 2873 Phi-

199 2900 446 2976 lippum
471 2902 784 2974 gerebant.

374 2984 557 3045 XLV.
596 2985 840 3046 Attalus
875 2986 1262 3062 Romanique
1318 2999 1456 3045 eum
1495 2982 1815 3043 Piraeeum
1854 2980 2051 3057 primo
2094 2979 2175 3043 ab

200 3068 538 3129 Hermione
578 3069 906 3144 petissent,
946 3084 1184 3145 paucos
1224 3067 1308 3128 ibi
1346 3068 1567 3130 morati
1608 3066 1773 3138 dies,
1818 3063 2176 3137 oneratique

201 3166 411 3227 aeque
448 3153 794 3215 immodicis
836 3153 916 3213 ad
944 3153 1214 3215 honores
1255 3152 1597 3221 sociorum,
1644 3155 1828 3224 atque
1855 3146 1916 3205 in
1946 3146 2038 3206 ira
2064 3145 2173 3205 ad·

199 3252 432 3298 versus
460 3234 704 3298 hostem
737 3237 1006 3311 fuerant,
1047 3234 1513 3298 Atheniensium
1541 3230 1805 3293 decretiS
1822 3277 1838 3306 ‚
1886 3230 2177 3303 navigant

199 3336 244 3383 ι
265 3319 526 3381 Piraeeo
553 3322 852 3383 Andrum.
907 3328 1133 3383 etcum
1159 3319 1222 3380 in
1260 3324 1473 3394 portu,
1516 3330 1701 3393 quem
1730 3314 2034 3376 Gaurelon
2063 3328 2172 3374 vo-

196 3412 352 3465 cant
433 3406 880 3476 constitissent,
922 3404 1132 3466 missis
1175 3402 1279 3479 qui
1318 3405 1684 3477 temptarent
1724 3399 2173 3491 oppidanorum

197 3487 449 3550 annuos
463 3534 480 3562 ,
521 3489 578 3550 si
615 3490 928 3551 voluntate
969 3489 1212 3550 tradere
1257 3487 1475 3549 urbem
1516 3500 1701 3561 quam
1739 3483 1865 3560 vim
1906 3481 2177 3558 experiri
