2548 3950
557 181 789 286 LIBER
815 225 1086 285 xxxvl.
1127 224 1296 285 CAP.
1326 233 1413 287 23.
1436 234 1523 289 24.
1569 232 1639 301 [a.
1668 235 1728 289 c.
1762 233 1880 299 ιρι]
2064 227 2189 291 243

222 378 359 440 init.
423 375 627 437 media
655 382 837 435 nocte
863 373 1140 450 receptui
1167 375 1410 450 signum
1439 373 1635 449 dedit,
1678 385 1736 437 et
1764 379 1840 435 ab
1872 395 2187 453 oppugna-

223 462 398 525 tione
428 459 609 521 simul
639 473 854 519 omnes
883 457 1104 519 milites
1133 459 1438 519 deductos
1467 474 1668 534 usque
1696 461 1776 519 ad
1806 463 2036 521 tertiam
2070 465 2189 521 diei

220 546 444 607 horam
486 544 730 618 quietos
773 540 835 601 in
865 543 1084 603 castris
1112 541 1321 603 tenuit.
1391 542 1535 602 inde
1565 551 1782 619 coepta
1813 547 2189 619 oppugnatio

225 629 310 689 ad
339 626 602 687 mediam
626 641 845 687 rursus
867 632 1110 685 noctem
1131 626 1431 702 perducta
1452 632 1564 698 est,
1596 625 1940 687 intermissa
1964 631 2189 689 deinde

225 726 430 789 usque
471 711 548 770 ad
593 707 831 770 tertiam
871 708 994 771 diei
1033 708 1267 770 horam.
1333 709 1744 785 fatigationem
1786 713 1898 771 rati
1938 729 2187 773 causam

225 811 375 857 esse
387 795 586 855 Aetoli
609 810 733 854 non
755 792 1203 858 continuandae
1227 793 1718 869 oppugnationis,
1750 811 1908 869 quae
1932 803 1990 855 et
2012 797 2187 871 ipso-s

225 879 556 952 adfecerat,
581 877 685 938 ubi
706 876 1000 938 Romanis
1023 878 1231 938 datum
1251 877 1527 952 receptui
1549 878 1790 951 signum
1816 887 2000 953 esset,
2024 883 2187 939 velut

224 962 350 1039 ipsi
377 962 498 1023 hoc
534 962 806 1022 revocati
848 976 963 1037 pro
1005 976 1076 1020 se
1119 961 1385 1036 quisque
1418 975 1497 1020 ex
1528 961 1888 1021 stationibus
1922 963 2183 1021 decede-

221 1047 403 1121 bant,
445 1060 560 1106 nec
601 1051 742 1105 ante
783 1042 1021 1105 tertiam
1050 1043 1170 1104 diei
1202 1044 1419 1105 horam
1446 1044 1657 1104 armati
1686 1045 1746 1105 in
1780 1047 1964 1105 muris
1996 1063 2185 1121 appa-

221 1129 460 1191 rebant.
502 1128 716 1189 XXIV.
763 1129 982 1189 consul
1012 1142 1150 1189 cum
1178 1134 1359 1189 nocte
1388 1127 1591 1188 media
1617 1128 2044 1189 intermisisset
2074 1147 2181 1205 op—

221 1212 690 1291 pugnationem,
746 1219 964 1287 quarta
1009 1210 1218 1287 vigilia
1251 1228 1479 1272 rursus
1530 1212 1609 1271 ab
1659 1215 1854 1273 tribus
1908 1215 2181 1287 partibus

222 1312 467 1360 summa
511 1296 573 1356 vi
623 1297 988 1371 adgressuS,
1047 1311 1170 1356 una
1215 1295 1301 1354 Ti.
1354 1294 1778 1371 Sempronium
1836 1305 2042 1355 tenere
2094 1297 2181 1355 ΞΠ9

218 1387 426 1445 tentos
473 1379 690 1440 milites
743 1377 1110 1454 signumque
1151 1385 1585 1453 exspectantes
1627 1380 1834 1451 iussit,
1886 1383 1964 1437 ad
2008 1396 2080 1437 ea
2123 1383 2183 1439 in

217 1471 520 1529 nocturno
551 1464 839 1536 tumultu,
879 1462 1307 1523 unde'clamor
1335 1463 1756 1535 exaudiretur,
1804 1463 1968 1521 haud
2000 1463 2183 1521 dubie

216 1555 391 1609 ratus
412 1546 611 1609 hostis
633 1561 1064 1607 concursuros.
1106 1545 1309 1606 Aetoli
1331 1560 1477 1620 pars
1502 1546 1684 1619 sopiti
1710 1547 1948 1605 adfecta
1972 1547 2183 1605 labore

217 1648 298 1693 ac
327 1631 547 1707 vigiliis
578 1635 844 1705 corpora
872 1644 951 1689 ex
982 1644 1199 1690 somno
1231 1627 1649 1702 moliebantur,
1682 1647 1828 1705 pars
1858 1629 2181 1703 vigilantes

220 1715 430 1777 adhuc
473 1714 551 1774 ad
580 1713 901 1789 strepitum
941 1711 1341 1789 pugnantium
1369 1713 1428 1772 in
1458 1710 1726 1773 tenebris
1758 1721 2024 1773 currunt.
2072 1715 2179 1773 ho-

216 1807 352 1861 stes
379 1797 599 1874 partim
638 1812 752 1872 per
781 1796 991 1857 ruinas
1021 1796 1274 1857 iacentis
1304 1794 1460 1855 muri
1487 1797 1924 1855 transcendere
1956 1813 2177 1855 conan—

210 1892 346 1957 tur,
385 1882 604 1958 partim
633 1879 819 1941 scalis
846 1894 1148 1940 ascensus
1175 1885 1503 1954 temptant;
1546 1880 1844 1939 adversus
1880 1897 2036 1956 quos
2070 1899 2179 1939 un·-

215 1968 409 2041 dique
436 1965 516 2026 ad
558 1980 742 2041 opem
769 1963 1085 2025 ferendam
1113 1968 1445 2025 occurrunt
1471 1963 1692 2024 Aetoli.
1770 1980 1914 2036 pars
1952 1980 2088 2036 una,
2121 1968 2179 2022 in

215 2067 348 2128 qua
375 2049 652 2110 aedificia
681 2053 856 2108 extra
881 2047 1327 2120 urbemerant,
1369 2061 1572 2123 neque
1602 2048 1948 2107 defenditur
1978 2064 2179 2122 neque

215 2141 639 2210 oppugnatur:
683 2132 798 2192 sed
828 2132 932 2207 qui
962 2138 1406 2207 oppugnarent,
1445 2131 1655 2191 intenti
1684 2132 1924 2204 signum
1955 2146 2179 2204 exspe-

215 2218 499 2288 ctabant,
554 2216 847 2277 defensor
885 2230 1064 2275 nemo
1108 2214 1340 2275 aderat.
1404 2211 1523 2273 iam
1553 2214 1996 2282 dilucescebat‚
2042 2230 2175 2272 cum

211 2303 458 2377 signum
500 2299 719 2362 consul
761 2299 959 2370 dedit;
1019 2306 1080 2360 et
1118 2299 1254 2359 sine
1293 2299 1416 2357 ullo
1459 2296 1782 2359 certamine
1826 2298 2038 2370 partim
2072 2314 2181 2370 per

213 2385 453 2447 dirutos
482 2386 700 2460 partim
729 2382 916 2444 scalis
946 2383 1219 2458 integros
1249 2397 1459 2442 muros
1488 2382 1940 2442 transcendere.
1998 2382 2178 2438 simul

213 2471 466 2544 clamor,
495 2469 681 2529 index
710 2467 872 2543 capti
900 2467 1132 2543 oppidi,
1164 2473 1261 2527 est
1289 2466 1645 2540 exaudituS,
1675 2464 1948 2538 undique
1978 2464 2179 2524 Aetoli

214 2552 482 2615 desertis
521 2551 888 2614 stationibus
930 2551 992 2611 in
1023 2566 1228 2611 arcem
1256 2550 1511 2625 rugiunt.
1587 2548 1880 2624 oppidum
1912 2550 2177 2606 victores

212 2637 524 2714 permissu
565 2636 840 2696 consulis
871 2634 1185 2710 diripiunt,
1228 2649 1355 2695 non
1383 2640 1504 2693 tam
1532 2633 1609 2693 ab
1639 2633 1728 2692 ira
1758 2648 1872 2690 nec
1904 2632 1978 2692 ab
2012 2630 2175 2706 odie,

215 2736 402 2798 quam
439 2728 507 2781 ut
547 2719 750 2796 mileS,
795 2719 1099 2781 coercitus
1128 2719 1191 2780 in
1219 2724 1309 2779 tot
1331 2718 1597 2793 receptis
1628 2732 1706 2776 ex
1738 2724 2038 2792 potestate
2066 2716 2175 2774 ho-

213 2805 401 2866 stium
428 2803 712 2879 urbibus,
742 2801 949 2878 aliquo
975 2803 1222 2864 tandem
1238 2799 1389 2864 'loco
1419 2803 1676 2863 fructum
1712 2800 2006 2862 victoriae
2036 2816 2175 2860 sen-

211 2889 370 2950 tiret.
399 2892 725 2950 revocatos
746 2885 892 2948 inde
914 2902 952 2947 a
973 2885 1175 2948 medio
1200 2886 1389 2946 ferme
1411 2887 1511 2946 die
1534 2884 1750 2946 milites
1776 2902 1910 2944 cum
1936 2888 1992 2942 in
2020 2886 2177 2943 duas

214 2970 534 3033 divisisset
558 2977 784 3046 parteS,
817 2986 1002 3030 unam
1029 2969 1340 3031 radicibus
1368 2970 1658 3031 montium
1692 2970 2062 3028 circumduci
2094 2968 2177 3024 ad

211 3071 434 3130 rupem
453 3053 652 3128 iussit,
667 3069 828 3130 quae
850 3052 1094 3128 fastigio
1118 3052 1448 3114 altitudinis
1473 3069 1585 3127 par
1606 3052 1806 3110 media
1832 3052 1986 3109 valle
2012 3052 2177 3110 velut

212 3139 479 3215 abrupta
505 3137 584 3198 ab
611 3153 755 3199 arce
785 3143 933 3211 erat,
963 3137 1076 3197 sed
1105 3137 1262 3197 adeo
1295 3150 1493 3211 prope
1520 3136 1824 3210 geminata
1856 3134 2175 3192 cacumina

213 3232 434 3285 eorum
473 3222 768 3282 montium
801 3220 974 3294 sunt,
1016 3226 1097 3280 ut.
1125 3235 1207 3280 ex
1249 3218 1475 3280 vertice
1516 3219 1704 3277 altero
1738 3218 2084 3274 conici-tela
2113 3218 2171 3274 in

211 3320 422 3366 arcem
449 3311 736 3381 possent;
769 3319 908 3366 cum
929 3301 1180 3364 dimidia
1209 3310 1382 3378 parte
1409 3301 1657 3362 militum·
1680 3302 1892 3360 consul
1920 3300 1994 3358 ab
2020 3300 2173 3360 urbe

213 3404 595 3455 escensurus
636 3389 696 3449 in
726 3403 960 3461 arcem,
1003 3385 1247 3464 signum
1276 3387 1353 3447 ab
1381 3384 1489 3458 iis,
1536 3385 1641 3461 qui
1670 3386 1746 3442 ab
1778 3392 1948 3456 tergo
1980 3382 2038 3440 in
2070 3400 2169 3442 ru-

211 3488 357 3550 porn
396 3470 645 3534 evasuri
685 3477 884 3546 erant,
924 3471 1346 3547 exspectabat.
1414 3485 1537 3533 non
1578 3469 1770 3588 tulere
1804 3468 1904 3542 qui
1936 3468 1994 3526 in
2026 3484 2169 3526 arce

1642 3560 1704 3612 16
