2548 3950
679 212 909 272 LIBER
936 211 1173 299 XXXII.
1221 212 1385 270 CAP.
1415 219 1503 272 33.
1548 217 1620 284 [a.
1650 217 1713 268 C.
1748 218 1869 281 1971
2162 209 2246 274 77

278 381 483 441 acque
527 363 856 424 difficulter
893 363 1096 424 Aetoli
1140 372 1485 439 praetorem
1526 362 1710 424 aliurn
1752 381 1826 425 ac
1866 366 2244 432 Macedones

277 466 490 524 regem
514 447 574 506 in
599 463 801 506 meum
823 448 1023 507 locum
1046 447 1477 508 substituant.“
1520 450 1859 508 secundum
1882 450 2035 512 haec
2060 451 2239 513 silen-

279 535 430 596 tium
460 530 592 592 fuit.
675 529 940 590 XXXIII.
987 547 1125 592 cum
1153 532 1467 592 Romanus
1499 548 1638 592 eum
1668 549 1931 608 aequum
1963 545 2245 596 censeret

283 617 556 694 priorem
599 614 838 688 dicere,
883 614 988 689 qui
1028 613 1291 689 petisset
1332 615 1737 692 colloquium,
1780 633 1894 678 rex
1936 618 2069 680 eius
2099 635 2243 680 esse

279 699 553 778 priorem
585 696 942 772 orationem,
973 699 1078 773 qui
1107 699 1280 759 daret
1301 699 1475 774 pacis
1504 700 1693 775 leges,
1724 717 1847 761 non
1874 700 1977 775 qui
2000 702 2243 778 accipe-

279 793 402 857 ret,
445 793 574 844 tum
612 784 928 843 Romanus
971 782 1309 857 simplicem
1354 800 1528 843 suam
1559 783 1898 845 orationem
1940 801 2115 846 esse:
2170 803 2247 846 ea

285 868 446 929 enim
477 883 548 928 se
576 866 910 939 dicturum,
943 881 1103 940 quae
1131 865 1193 925 ni
1221 862 1401 940 fiant,
1432 869 1597 927 nulla
1625 866 1704 928 sit
1732 869 1906 943 pacis
1937 870 2243 931 condicio.

283 951 652 1012 deducenda
681 967 759 1010 ex
783 949 1066 1010 omnibus
1083 949 1377 1010 Graeciae
1407 949 1751 1012 civitatibus
1781 951 1913 1026 regi
1934 954 2247 1027 praesidia

283 1052 458 1106 esse;
509 1034 790 1108 captivos
829 1041 891 1094 et
929 1034 1280 1108 transfugas
1323 1033 1515 1094 sociis
1556 1035 1773 1109 populi
1814 1037 2076 1096 Romani
2105 1038 2244 1096 red-

282 1120 560 1188 dendos;
600 1117 980 1178 restituenda
1006 1117 1300 1178 Romanis
1330 1133 1407 1178 ea
1432 1118 1661 1194 Illyrici
1700 1120 1865 1193 loca,
1912 1137 2073 1195 quae
2099 1131 2247 1196 post

282 1219 504 1279 pacem
542 1201 603 1261 in
645 1200 832 1276 Epiro
878 1203 1098 1262 saetam
1138 1210 1539 1275 occupasset3
1589 1201 1940 1265 Ptolemaeo
1970 1203 2243 1281 Aegypti

281 1285 414 1362 regi
444 1286 796 1346 reddendas
826 1286 1044 1359 urbeS,
1097 1301 1254 1361 quas
1296 1295 1441 1361 post
1478 1285 1887 1360 Philopatoris
1915 1287 2245 1349 Ptolemaei

281 1377 540 1430 mortem
570 1369 1023 1444 occupavisset.
1095 1385 1241 1430 suas
1271 1369 1614 1444 populique
1640 1369 1902 1430 Romani
1934 1370 2245 1431 condicio-

282 1471 396 1516 nes
425 1453 540 1514 has
577 1469 751 1514 esse:
803 1461 1072 1514 ceterum
1102 1461 1162 1513 et
1191 1453 1429 1513 socium
1470 1451 1667 1512 audiri
1696 1453 2005 1526 postulata
2032 1470 2245 1514 verum

282 1554 448 1599 esse.
534 1535 721 1598 Attali
749 1535 914 1612 regis
949 1538 1187 1611 legatus
1229 1553 1423 1596 naves
1468 1536 1909 1613 captivosque,
1962 1554 2122 1614 quae
2164 1539 2241 1614 ad

285 1621 500 1682 Chium
529 1620 730 1680 navali
759 1619 997 1696 proelio
1031 1627 1212 1696 capta
1241 1629 1470 1695 essent,
1502 1630 1563 1680 et
1582 1619 2019 1697 Nicephorium
2038 1623 2242 1682 Vene-

282 1704 498 1779 risque
537 1705 861 1779 templum,
906 1720 1068 1780 quae
1097 1703 1431 1779 spoliasset
1461 1713 1963 1780 evastassetque,
2008 1723 2121 1781 pro
2152 1705 2243 1766 in·

283 1789 594 1864 corruptis
640 1787 898 1849 restitui.
935 1815 940 1817 ·
980 1788 1204 1850 Rhodii
1244 1788 1535 1848 Peraeam
1583 1823 1654 1832 —-
1700 1787 1871 1864 regio
1910 1798 2006 1850 est
2052 1789 2244 1849 conti-

285 1872 486 1933 nentis
516 1875 818 1933 adversus
849 1871 1138 1945 insulam,
1179 1880 1461 1932 vetustae
1503 1888 1715 1932 eorum
1740 1872 2009 1943 dicionis
2038 1909 2121 1918 -—-
2148 1890 2242 1934 re-
2332 1937 2340 1945 ,

282 1957 600 2033 petebant,
651 1956 1170 2033 postulabantque
1212 1955 1524 2030 praesidia
1563 1954 1787 2017 deduci
1828 1957 1907 2017 ab
1945 1957 2084 2020 Iaso
2120 1964 2181 2018 et
2206 1974 2246 2016 a

280 2040 588 2117 Bargyliis
613 2038 1151 2103 etEuromensium
1175 2042 1327 2100 urbe
1351 2048 1411 2101 et
1433 2040 1493 2099 in
1517 2041 1919 2116 Hellesponto
1950 2040 2129 2102 Sesto
2155 2049 2243 2101 at-

285 2142 411 2200 que
439 2125 700 2203 Abydo,
741 2134 803 2185 et
828 2123 1174 2185 Perinthum
1204 2123 1521 2200 Byzantiis
1563 2124 1623 2181 in
1667 2125 1900 2200 antiqui
1924 2126 2241 2185 formulam

283 2208 436 2270 iuris
463 2206 730 2281 restitui,
761 2214 822 2268 et
842 2208 1086 2269 liberari
1117 2208 1323 2269 omnia
1344 2206 1534 2266 Asiae
1570 2208 1847 2281 emporia
1880 2218 2241 2282 portusque.

286 2292 520 2353 Achaei
551 2291 900 2353 Corinthum
930 2300 992 2352 et
1017 2294 1222 2366 Argos
1251 2290 1632 2365 repetebant.
1719 2298 1967 2363 praetor
1993 2291 2243 2349 Aetolo·
2306 2368 2309 2371 ἢ

284 2394 420 2437 rum
432 2375 750 2436 Phaeneas
767 2392 902 2435 cum
919 2377 1138 2437 eadem
1160 2376 1289 2435 sere
1314 2390 1477 2449 quae
1489 2373 1768 2447 Romani,
1784 2380 1852 2433 ut
1866 2372 2121 2433 Graecia
2137 2373 2243 2431 de-

286 2460 624 2529 cederetur‚
652 2460 1048 2535 postulasset,
1073 2460 1601 2533 redderenturque
1612 2456 1849 2519 Aetolis
1872 2458 2059 2519 urbes
2084 2473 2244 2533 quae

288 2544 600 2619 quondam
629 2542 778 2603 iuris
809 2560 882 2603 ac
912 2543 1174 2605 dicionis
1197 2559 1412 2603 eorum
1442 2541 1723 2626 fuissent,
1753 2542 1998 2618 excepit
2021 2541 2243 2602 oratio—

287 2644 426 2687 nem
481 2625 615 2687 eius
664 2626 958 2703 princeps
1006 2628 1362 2688 Aetolorum
1414 2627 1799 2699 Alexander,
1849 2625 1943 2685 vir
1982 2634 2049 2687 ut
2086 2625 2245 2685 inter

281 2711 542 2771 Aetolos
573 2711 896 2771 facundus.
980 2710 1098 2771 iam
1143 2711 1374 2771 dudum
1418 2726 1487 2770 se
1526 2710 1783 2771 reticere
1813 2710 1925 2784 ait,
1966 2728 2087 2770 non
2120 2725 2242 2785 quo

287 2794 618 2870 quicquam
647 2794 746 2869 agi
777 2803 948 2869 putet
975 2811 1050 2855 eo
1089 2794 1425 2868 colloquio,
1469 2795 1583 2855 sed
1611 2810 1689 2853 ne
1722 2812 1903 2869 quem
1935 2793 2243 2855 sociorum

286 2878 591 2939 dicentem
633 2878 994 2953 interpellet.
1068 2877 1191 2939 ‘nec
1235 2879 1314 2938 de
1357 2894 1515 2954 pace
1556 2894 1691 2937 cum
1734 2879 1858 2938 fide
1897 2878 2243 2952 Philippum

285 2977 490 3037 agere,
521 2977 637 3021 nec
665 2962 828 3023 bella
854 2978 1001 3022 vcra
1030 2962 1250 3023 virtute
1273 2979 1563 3037 umquam
1594 2961 1891 3035 gessisse.
1962 2962 2023 3019 in
2056 2961 2243 3019 collo-

289 3044 452 3121 quiis
495 3044 770 3105 insidiari
813 3056 874 3106 et
915 3056 1190 3122 captare3
1243 3046 1303 3105 in
1344 3045 1507 3106 bello
1550 3061 1672 3104 non
1716 3044 2009 3119 congredi
2037 3058 2242 3117 aequo

286 3146 508 3204 campo
554 3145 757 3204 neque
798 3130 992 3205 signis
1035 3129 1273 3189 collatis
1317 3128 1638 3200 dimicare,
1690 3128 1807 3187 sed
1843 3126 2242 3200 refugientem

285 3212 620 3273 incendere
644 3227 718 3273 ac
743 3213 1010 3289 dlripere
1031 3214 1218 3273 urbes
1245 3220 1303 3272 et
1327 3213 1693 3273 vincentium
1721 3209 1995 3285 praemia
2015 3208 2242 3270 victum

286 3312 702 3372 corrumpere.
747 3306 808 3357 at
835 3314 956 3358 non
989 3297 1279 3373 antiquos
1308 3296 1716 3356 Macedonum
1739 3308 1939 3369 reges,
1972 3293 2084 3353 sed
2109 3292 2243 3352 acie

283 3380 516 3441 bellare
559 3380 808 3453 εοὶίῑοε,
854 3380 1110 3441 urbibus
1152 3396 1407 3456 parcere
1450 3387 1742 3453 quantum
1783 3386 2073 3454 possent,
2117 3394 2243 3452 quo

285 3463 641 3539 opulentius
672 3465 968 3525 haberent
995 3462 1335 3539 imperium.
1412 3480 1551 3522 nam
1584 3464 1662 3522 de
1695 3478 1956 3537 quorum
1986 3476 2243 3537 posses·
