2548 3950
571 290 800 350 LIBER
827 289 1061 348 XXXII.
1110 289 1274 349 CAP.
1296 299 1380 350 23.
1404 299 1490 350 24.
1538 298 1609 364 [a.
1636 297 1700 350 C.
1724 299 1846 364 198]
2106 293 2189 356 69

191 453 400 504 ‘metu
441 457 682 518 poenae
711 459 748 501 a
774 441 1067 502 Romanis
1096 441 1442 516 Philippum
1472 452 1715 516 secuta,
1758 460 1905 518 pars
1937 448 2187 506 navales

227 527 385 588 socii
412 525 640 586 relictis
665 539 862 600 nuper
885 525 1190 586 classibus
1211 526 1293 585 ad
1316 542 1492 600 spem
1514 525 1922 588 honoratioris
1943 527 2191 588 militiae

229 609 622 685 transgressi.
676 607 793 668 hos
823 609 1153 683 desperata
1180 610 1369 684 salus,
1401 608 1453 670 si
1482 610 1740 670 Romani
1766 610 2079 684 vicissent,
2110 613 2188 672 ad

227 695 458 754 rabiem
487 691 684 766 magis
716 708 898 767 quam
929 692 1243 752 audaciam
1268 694 1661 755 accendebat.
1706 696 2189 769 promuntorium

232 785 328 838 cst
367 777 668 838 adversus
700 775 1063 853 Sicyonem,
1108 777 1363 837 Iunonis
1406 793 1589 850 quam
1616 785 1841 838 vocant
1869 779 2188 852 Acraeam,

225 863 290 920 in
335 864 520 922 altum
577 874 943 930 excurrens3
1010 860 1303 922 traiectus
1357 861 1499 920 inde
1550 862 1894 922 Corinthum
1952 871 2189 936 septem

229 947 422 1006 ferme
449 944 676 1004 milium
706 959 1028 1018 passuum.
1068 959 1144 1003 eo
1172 943 1495 1016 Philocle8‚
1524 946 1729 1020 regius
1759 951 1823 1003 et
1847 943 1983 1019 ipse
2012 961 2187 1019 prac-

226 1030 458 1100 fectus,
511 1028 674 1086 mille
713 1035 776 1087 et
813 1027 1176 1102 quingentos
1231 1029 1448 1088 milites
1493 1044 1602 1102 per
1638 1029 1956 1089 Boeotiam
1999 1028 2187 1088 duxit.

227 1118 478 1188 praesto
521 1112 691 1171 fuere
733 1111 811 1171 ab
843 1109 1130 1172 Corintho
1170 1111 1379 1184 lembi,
1424 1113 1529 1186 qui
1570 1112 1943 1187 praesidium
1984 1113 2047 1171 id
2088 1127 2183 1171 ac-

226 1203 476 1271 ceptum
499 1193 844 1254 Lechaeum
875 1195 1210 1254 traicerent.
1255 1203 1470 1256 auctor
1498 1204 1630 1258 erat
1648 1197 1888 1256 Attalus
1920 1196 2186 1256 incensis

225 1279 525 1354 operibus
550 1278 918 1338 omittendae
941 1281 1249 1353 extemplo
1276 1279 1776 1355 oppugnationis.
1816 1281 2185 1354 pertinacius

225 1362 590 1442 [Quinctius]
619 1361 933 1422 Romanus
974 1360 1037 1420 in
1079 1362 1327 1436 incepto
1371 1363 1702 1438 perstabat.
1759 1363 1813 1422 is
1844 1378 2097 1436 quoque
2125 1370 2187 1422 ut

230 1463 344 1522 pro
387 1445 670 1508 omnibus
711 1446 904 1521 portis
947 1445 1250 1521 disposita
1293 1447 1457 1506 videt
1496 1444 1805 1520 praesidia
1832 1446 2029 1519 regia,
2073 1460 2187 1505 nec

233 1531 408 1590 facile
436 1530 881 1603 erumpentium
910 1529 1174 1604 impetus
1203 1527 1495 1590 sustineri
1517 1544 1727 1604 posse,
1758 1529 1817 1588 in
1839 1529 2022 1592 Attali
2044 1545 2185 1590 sen-

229 1613 477 1674 tentiam
527 1612 854 1674 concessit.
919 1613 1004 1672 ita
1041 1613 1208 1672 irrito
1259 1613 1533 1688 incepto,
1587 1613 1858 1675 dimissis
1900 1613 2187 1689 AchaeiS,

227 1697 488 1757 reditum
517 1698 599 1756 ad
641 1711 832 1757 naves
863 1705 974 1756 est.
1042 1697 1281 1757 Attalus
1311 1696 1641 1772 Piraeeum,
1670 1697 1928 1758 Romani
1960 1696 2187 1777 Corcy-

224 1797 358 1840 ram
389 1781 710 1855 petierunt.
1422 1841 1427 1844 ,

395 1863 610 1924 XXIV.
657 1864 813 1924 Dum
833 1864 988 1924 haec
1011 1863 1088 1923 ab
1111 1863 1311 1924 navali
1337 1864 1607 1925 exercitu
1628 1871 1937 1938 geruntur,
1970 1867 2187 1924 consul

223 1949 290 2009 in
329 1947 600 2009 Phocide
651 1947 729 2007 ad
767 1947 1039 2009 Elateam
1089 1947 1306 2009 castris
1354 1948 1573 2023 positis
1624 1948 1819 2021 primo
1862 1947 2187 2023 colloquiis

223 2048 356 2093 rem
403 2048 516 2107 per
554 2032 867 2107 principes
895 2032 1269 2093 Elatensium
1298 2032 1640 2106 temptavit:
1684 2041 2012 2107 postquam
2042 2032 2185 2092 nihil

225 2132 374 2177 esse
412 2117 473 2177 in
521 2131 708 2177 manu
747 2132 894 2189 sua,
945 2124 1004 2175 et
1041 2118 1248 2190 plures
1292 2116 1753 2189 validioresque
1792 2131 1937 2177 esse
1980 2117 2184 2190 regios

227 2215 412 2276 quam
438 2198 806 2275 oppidanoS,
838 2200 1345 2274 respondebatur,
1372 2206 1499 2259 tum
1520 2197 1703 2258 simul
1722 2199 1799 2258 ab
1826 2199 1989 2257 omni
2013 2206 2187 2272 parte

225 2282 525 2359 operibus
565 2282 878 2358 armisque
919 2284 1131 2343 urbem
1173 2289 1269 2341 est
1296 2282 1653 2356 adgressus.
1719 2279 1911 2339 ariete
1938 2280 2185 2340 admoto

225 2384 398 2440 cum,
443 2372 736 2442 quantum
775 2367 931 2427 inter
971 2374 1172 2426 turres
1199 2362 1357 2424 muri
1384 2372 1541 2437 erat,
1586 2370 1900 2437 prorutum
1930 2378 2069 2423 cum
2098 2362 2185 2421 in·

223 2452 394 2527 genti
424 2451 668 2525 fragore
695 2465 769 2511 ac
799 2450 1057 2525 strepitu
1085 2450 1384 2511 nudasset
1404 2449 1635 2520 urbem,
1667 2448 1845 2507 simul
1875 2452 1937 2506 et
1962 2446 2185 2507 cohors

222 2536 506 2596 Romana
545 2549 658 2609 per
699 2543 976 2609 apertum
1017 2534 1246 2593 recenti
1288 2540 1491 2606 strage
1533 2532 1645 2591 iter
1689 2532 1942 2599 invasit;
2008 2537 2068 2590 ct
2108 2546 2188 2591 ex

223 2616 510 2679 omnibus
553 2618 769 2693 oppidi
796 2617 1074 2693 partibus
1103 2614 1331 2677 relictis
1362 2617 1492 2677 suis
1527 2614 1793 2690 quisque
1823 2615 2185 2676 stationibus

220 2704 286 2762 in
318 2716 458 2761 eum
501 2701 604 2776 qui
644 2701 1034 2776 premebatur
1070 2701 1297 2775 impetu
1339 2700 1603 2759 hostium
1633 2701 1833 2760 locum
1864 2712 2185 2759 concurre·

221 2794 386 2847 runt.
452 2786 670 2845 eodem
701 2791 978 2860 tempore
1005 2783 1262 2844 Romani
1300 2792 1359 2843 et
1386 2784 1595 2843 ruinas
1626 2782 1783 2843 muri
1812 2782 2187 2858 supervade-

219 2870 372 2929 bant
411 2876 482 2929 et·
510 2870 714 2929 scalas
755 2870 837 2929 ad
871 2868 1095 2929 stantia
1135 2868 1376 2928 moenia
1413 2866 1769 2927 inserebant.
1842 2876 1903 2928 et
1944 2867 2085 2925 dum
2126 2864 2187 2923 in

223 2968 409 3013 unam
453 2960 687 3027 partem
731 2954 948 3013 oculos
984 2951 1350 3025 animosque
1379 2950 1645 3010 hostium
1674 2958 1981 3009 certamen
2014 2964 2185 3007 aver-

223 3044 410 3108 terat,
454 3036 734 3110 pluribus
775 3034 932 3097 locis
973 3035 1160 3095 scalis
1203 3034 1441 3109 capitur
1469 3049 1711 3105 murus,
1758 3031 2096 3106 armatique
2124 3030 2185 3088 in

223 3120 440 3180 urbem
478 3119 1004 3180 transcenderunt.
1075 3134 1200 3193 quo
1237 3119 1495 3178 tumultu
1522 3115 1729 3175 audito
1759 3114 1948 3175 territi
1975 3112 2185 3175 hostes

221 3204 469 3278 relicto,
521 3218 703 3277 quem
755 3203 1011 3263 conferti
1051 3201 1393 3274 tuebantur,
1446 3201 1581 3259 loco
1623 3198 1682 3257 in
1726 3212 1929 3257 arcem
1973 3212 2185 3257 omncs

223 3286 438 3346 inermi
483 3302 738 3363 quoque
767 3292 1066 3361 sequente
1094 3285 1272 3345 turba
1301 3284 1723 3357 confugerunt.
1785 3282 1869 3342 ita
1892 3281 2047 3341 urbe
2075 3296 2185 3355 po-

221 3370 367 3431 titur
397 3371 636 3431 consul.
674 3386 797 3445 qua
821 3371 1074 3445 direpta,
1099 3367 1309 3429 missis
1332 3368 1391 3427 in
1417 3380 1622 3426 arcem
1644 3366 1747 3441 qui
1773 3366 1955 3427 vitam
1978 3364 2183 3439 regiis,

221 3454 276 3513 si
305 3454 573 3514 inermes
598 3454 766 3513 abire
786 3454 1028 3526 vellent,
1056 3452 1389 3512 libertatem
1415 3450 1803 3511 Elatensibus
1828 3448 2181 3525 polliceren-

223 3548 336 3609 tur,
365 3538 620 3613 fideque
649 3536 710 3597 in
739 3537 893 3597 haec
923 3537 1081 3611 data,
1111 3543 1255 3612 post
1285 3536 1417 3598 dics
1449 3549 1686 3610 paucos
1716 3550 1921 3595 arcem
1949 3533 2183 3607 recipit.
