2548 3950
617 303 848 364 LIBER
867 303 1075 364 XXXI.
1122 303 1286 364 CAP.
1315 311 1403 364 22.
1428 311 1515 366 23.
1561 310 1635 377 [a.
1659 310 1723 362 C.
1754 310 1879 377 200]
2134 304 2215 368 19

426 455 654 516 Consul
697 457 848 514 alter
890 471 1026 515 cum
1067 459 1357 515 autumno
1402 455 1591 514 ferme
1626 461 1842 516 exacto
1872 455 1932 515 in
1963 457 2212 533 provin·

249 541 412 602 ciam
450 539 754 610 venisset,
798 537 963 598 circa
1000 537 1395 614 Apolloniam
1435 537 1811 599 hibernabat.
1880 538 1955 599 ab
1988 542 2210 614 classe,

251 639 414 701 quae
460 622 770 700 Corcyrae
809 621 1114 683 subducta
1160 628 1316 696 erat,
1368 621 1430 681 G.
1477 621 1763 683 ClaudIus
1806 622 2211 699 triremesque

245 709 594 782 Romanae,
645 706 804 766 sicut
851 712 990 767 ante
1039 705 1263 766 dictum
1306 711 1428 778 est,
1479 705 1755 766 Athenas
1805 707 2032 766 missae
2072 723 2210 766 cum

246 791 568 852 Piraeeum
597 789 1042 865 pervenissent,
1066 788 1597 864 despondentibus
1620 789 1739 848 iarn
1762 789 1999 850 animos
2023 791 2211 852 sociis

248 891 429 952 spem
457 875 764 949 ingentem
793 873 1132 934 attulerant.
1190 887 1331 931 nam
1359 880 1419 932 et
1446 877 1766 932 terrestres
1797 871 1873 932 ab
1903 873 2210 948 Corintho,

249 975 415 1035 quae
454 973 568 1034 per
594 957 845 1032 Megara
883 955 1270 1016 incursiones
1300 955 1362 1014 in
1394 971 1577 1030 agros
1608 955 1741 1016 fieri
1770 955 1988 1016 solitae
2019 967 2208 1032 erant,

245 1059 370 1104 non
414 1041 671 1114 flebant,
715 1047 777 1100 et
815 1040 1196 1115 praedonum
1237 1055 1274 1098 a
1303 1039 1587 1100 Chalcide
1629 1054 1851 1111 naveS,
1897 1055 2058 1114 quae
2085 1057 2209 1101 non

245 1125 415 1186 mare
465 1125 666 1186 solum
705 1123 992 1184 infestum
1033 1123 1149 1182 sed
1187 1122 1367 1182 etiam
1408 1122 1603 1183 omnis
1644 1122 1978 1182 maritimos
2021 1139 2207 1198 agros

244 1208 726 1270 Atheniensibus
770 1208 1069 1279 fecerant,
1113 1222 1235 1266 non
1263 1206 1452 1266 modo
1482 1204 1737 1266 Sunium
1766 1221 2064 1280 superare
2093 1208 2207 1267 sed

243 1309 358 1352 nec
401 1297 576 1352 extra
606 1292 822 1351 fretum
849 1289 1059 1365 Euripi
1091 1289 1467 1350 committere
1494 1295 1706 1365 aperto
1736 1290 1888 1349 mari
1918 1305 1988 1350 se
2018 1291 2205 1350 aude·

241 1377 406 1436 bant.
473 1379 964 1450 supervenerunt
1011 1371 1107 1432 his
1147 1379 1272 1431 tres
1314 1371 1593 1432 Rhodiae
1644 1371 2062 1445 quadriremes
2079 1418 2095 1446 ,
2149 1380 2208 1432 et

240 1462 418 1520 erant
443 1459 681 1519 Atticae
719 1463 848 1516 tres
889 1462 1138 1531 apertae
1179 1470 1401 1528 naveS,
1445 1455 1526 1514 ad
1567 1453 1831 1516 tuendos
1872 1456 2205 1517 maritimos

243 1558 428 1617 agros
473 1546 881 1616 comparatae.
944 1539 1060 1598 hac
1091 1539 1295 1598 classe
1323 1538 1377 1597 si
1406 1537 1555 1598 urbs
1586 1537 1841 1614 agrique
1868 1539 2202 1600 Athenien·-

242 1625 402 1686 sium
426 1624 917 1696 defenderentur,
933 1621 1083 1682 satis
1108 1619 1169 1680 in
1190 1621 1544 1697 praesentia
1566 1621 1932 1684 existimanti
1949 1623 2201 1684 Claudio

242 1725 386 1770 esse
413 1705 665 1768 maioris
696 1706 874 1766 etlam
904 1703 995 1767 rei
1023 1706 1268 1765 fortuna
1297 1705 1499 1766 oblata
1526 1712 1639 1766 est.
1695 1705 1904 1767 XXIII.
1948 1708 2203 1768 exsules

241 1793 318 1854 ab
349 1791 666 1863 Chalcide,
707 1791 1014 1864 regiorum
1056 1788 1289 1849 iniuriis
1319 1790 1513 1864 pulsi,
1554 1791 1882 1851 attulerunt
1910 1791 2199 1864 occupari

240 1875 590 1937 Chalcidem
621 1874 756 1934 sine
785 1872 1113 1934 certamine
1138 1874 1262 1933 ullo
1293 1888 1513 1948 posset
1562 1889 1701 1934 nam
1726 1880 1787 1934 et
1805 1873 2201 1950 Macedonas,

239 1959 388 2037 quia
409 1959 613 2021 nullus
633 1956 693 2018 in
718 1959 1068 2034 propinquo
1093 1959 1172 2018 sit
1190 1956 1454 2018 hostium
1475 1964 1694 2032 metuS‚
1723 1957 1923 2032 vagari
1946 1958 2200 2034 passim,

238 2051 300 2104 et
323 2044 673 2119 oppidanos
696 2041 1006 2118 praesidio
1022 2041 1429 2103 Macedonum
1453 2043 1640 2104 fretos
1663 2042 2005 2102 custodiam
2025 2042 2197 2103 urbis

239 2129 585 2203 neglegere.
644 2126 741 2187 his
785 2124 1137 2186 auctoribus
1182 2127 1497 2199 profectus
1542 2142 1916 2202 quamquam
1944 2125 2199 2186 Sunium

233 2212 320 2271 ita
344 2216 580 2271 mature
603 2217 984 2286 pervenerat,
1002 2216 1066 2269 ut
1087 2209 1230 2268 inde
1252 2208 1510 2283 provehi
1532 2211 1612 2269 ad
1638 2210 1865 2282 primas
1882 2209 2199 2282 angustias

235 2294 531 2355 Euboeae
564 2298 796 2369 posset,
839 2309 920 2354 ne
950 2296 1239 2366 superato
1269 2292 1689 2365 promuntorio
1722 2291 2198 2366 conspiceretur,

238 2380 504 2439 classem
526 2375 586 2436 in
604 2377 865 2437 statione
886 2374 1180 2449 usquead
1194 2380 1435 2434 noctem
1449 2375 1669 2435 tenuit=
1694 2374 1904 2448 primis
1928 2373 2196 2433 tenebris

235 2461 456 2531 movit;
515 2467 591 2521 et
643 2461 970 2535 tranquillo
1027 2464 1352 2534 pervectus
1410 2458 1754 2519 Chalcidem
1815 2458 1998 2533 paulo
2056 2464 2199 2518 ante

234 2548 465 2617 lucem,
512 2561 636 2620 qua
663 2542 1224 2620 infrequentissima
1247 2542 1419 2603 urbis
1452 2548 1620 2616 sunt,
1660 2544 1877 2617 paucis
1908 2541 2196 2602 militibus

233 2627 448 2689 turrim
486 2628 830 2703 proximam
869 2641 1232 2701 murumque
1261 2627 1425 2686 circa
1452 2625 1638 2686 scalis
1669 2629 1835 2702 cepit
1855 2625 1995 2686 alibi
2026 2626 2194 2700 sopi-

233 2712 312 2773 tis
344 2710 726 2783 custodibus,
769 2710 912 2770 alibi
944 2712 1111 2771 nullo
1143 2709 1546 2771 custodiente.
1592 2710 1909 2785 progressi
1939 2709 2083 2771 inde
2112 2709 2193 2768 ad

231 2793 577 2871 frequentia
597 2794 893 2856 aedificiis
914 2794 1054 2854 loca
1069 2793 1429 2855 custodibus
1453 2792 1785 2855 interfectis
1808 2794 2197 2868 refractaque

233 2887 417 2955 porta
444 2884 712 2939 ceteram
741 2877 1181 2938 multitudinem
1216 2885 1585 2937 armatorum
1613 2884 2001 2953 acceperunt.
2050 2876 2197 2935 inde

232 2964 293 3023 in
321 2969 513 3025 totam
540 2961 754 3022 urbem
783 2962 1130 3022 discursum
1161 2966 1260 3021 est
1286 2967 1465 3021 aucto
1496 2962 1675 3020 etiam
1704 2961 1991 3032 tumultu,
2022 2956 2191 3033 quod

233 3048 398 3107 circa
450 3046 646 3106 sorum
697 3046 854 3120 ignis
895 3044 1072 3105 tectis
1114 3044 1371 3106 iniectus
1416 3050 1563 3104 erat.
1636 3042 2095 3118 conflagrarunt
2131 3046 2194 3099 et-

231 3130 458 3192 horrea
510 3128 682 3203 regia
729 3136 790 3188 et
835 3128 1363 3189 armamentarium
1423 3143 1561 3188 cum
1607 3126 1835 3201 ingenti
1890 3128 2197 3200 apparatu

229 3212 646 3273 machinarum
667 3217 1243 3287 tormentorumque.
1289 3210 1513 3271 caedes
1537 3209 1680 3269 inde
1703 3208 1935 3283 passim
1957 3207 2191 3283 fugien-

231 3297 377 3359 tium
410 3295 640 3373 pariter
681 3312 755 3356 ac
793 3294 1258 3371 repugnantium
1303 3294 1436 3354 fleri
1477 3299 1698 3368 coepta
1738 3299 1850 3353 est.
1921 3307 2036 3352 nec
2063 3290 2196 3351 ullo

230 3381 370 3455 iam,
403 3380 510 3455 qui
537 3377 810 3440 militaris
841 3378 1059 3440 aetatis
1091 3384 1287 3451 esset,
1328 3391 1452 3436 non
1478 3382 1584 3437 aut
1612 3392 1798 3438 caeso
1829 3383 1935 3437 aut
1960 3377 2195 3451 fugate,

233 3460 501 3540 Sopatro
561 3460 740 3522 etiam
791 3464 1112 3523 Acarnane
1168 3460 1479 3536 praefecto
1531 3460 1820 3536 praesidii
1866 3461 2189 3520 interfecto

233 3546 470 3621 praeda
506 3544 706 3606 omnis
748 3544 944 3622 primo
988 3546 1048 3605 in
1091 3545 1290 3605 forum
1332 3546 1582 3620 collata,
1627 3544 1851 3667 deinde
1891 3544 1951 3603 in
1995 3554 2187 3602 naves

1692 3635 1729 3687 2
