2548 3950
520 195 751 259 LIBER
770 194 1066 258 XXXVII.
1112 194 1276 256 GAP.
1309 201 1396 260 57.
1420 202 1508 258 58.
1525 203 1612 260 ⁵9.
1655 197 1966 275 [a.c.189]
2091 195 2216 260 315

237 347 571 422 homines,
610 347 675 408 id
716 363 915 422 aeque
952 363 1153 409 novus
1195 345 1558 421 competitor
1589 345 1915 410 intestabili
1945 347 2214 424 periurio

237 437 617 496 incesseret.
656 431 865 492 LVIII.
910 436 1149 492 centum
1178 429 1416 490 milium·
1431 429 1618 490 multa
1638 430 1908 506 irrogata
1925 439 2074 494 erat.
2117 431 2216 494 bis

238 519 339 580 de
366 533 443 577 ea
472 522 764 588 certatum
792 520 902 577 est.
962 513 1171 588 tertio,
1221 529 1360 576 cum
1409 513 1488 573 de
1535 513 1830 589 petitione
1879 515 2219 578 destitisset

238 615 421 676 reus,
450 615 566 660 nec
590 600 861 676 populus
890 598 968 661 de
994 598 1183 658 multa
1208 595 1570 672 suffragium
1599 598 1760 658 ferre
1786 598 1994 672 voluit,
2026 607 2086 666 et
2113 601 2215 661 tri·

244 684 404 745 buni
432 699 508 754 eo
535 683 787 758 negotio
814 681 1191 742 destiterunt.
1236 695 1530 742 censores
1557 682 1624 742 Τ.
1656 681 1971 756 Quinctius
1997 682 2214 744 Flami·

244 769 442 829 ninus
466 767 549 826 M.
582 766 871 830 Claudius
896 763 1223 826 Marcellus
1254 765 1460 827 creati.

424 851 541 912 Per
566 866 677 911 eos
702 850 837 910 dies
849 849 917 920 L.
932 849 1189 910 Aemilio
1200 849 1459 924 Regino,
1485 848 1590 924 qui
1617 849 1820 912 classe
1841 851 2218 925 praefectum

244 933 543 998 Antiochi
570 935 737 1008 regis
767 930 1104 1007 devicerat,
1154 939 1330 992 extra
1367 932 1582 992 urbem
1619 931 1681 994 in
1725 933 1882 992 aede
1913 934 2216 1009 Apollinis

250 1033 399 1082 eum
426 1026 677 1080 senatus
708 1019 889 1077 datus
917 1023 1113 1086 esset,
1145 1017 1370 1078 auditis
1395 1015 1584 1076 rebus
1611 1017 1802 1090 gestis
1826 1015 1992 1092 eiuS,
2024 1033 2216 1095 quan·

249 1102 337 1164 tis
377 1116 520 1164 >cum
558 1101 863 1165 classibus
903 1100 1170 1162 hostium
1212 1100 1594 1174 dimicasset,
1649 1107 1805 1176 quot
1839 1101 1984 1164 inde
2025 1117 2216 1162 naves

250 1185 656 1248 demersisset
681 1190 787 1246 aut
812 1185 1109 1260 cepisset,
1150 1199 1374 1258 magno
1405 1197 1718 1246 consensu
1745 1191 1984 1260 patrum
2011 1185 2217 1246 trium·

252 1267 423 1344 phus
462 1269 697 1330 navalis
740 1273 836 1328 est
884 1267 1188 1329 decretus.
1254 1267 1648 1341 triumphavit
1683 1267 1818 1329 Kal.
1849 1269 2215 1332 Februariis.

251 1353 319 1413 in
351 1367 429 1414 eo
460 1352 767 1430 triumpho
802 1351 1408 1426 undequinquaginta
1447 1364 1714 1410 coronae
1755 1367 1979 1416 aureae
2019 1359 2218 1414 trans·

252 1437 419 1496 latae
448 1444 619 1509 sunt,
670 1434 935 1511 pecunia
962 1449 1356 1509 nequaquam
1397 1437 1591 1508 tanta,
1639 1449 1754 1507 pro
1807 1435 2017 1509 specie
2067 1434 2214 1510 regii

254 1519 563 1595 triumphi,
593 1517 921 1581 tetrachma
952 1519 1153 1578 Attica
1176 1517 1420 1592 triginta
1443 1523 1726 1591 quattuor
1749 1518 1914 1578 milia
1936 1519 2214 1593 ducenta,

257 1602 601 1678 cistophori
631 1608 871 1663 centum
898 1601 1143 1676 triginta
1168 1601 1293 1663 duo
1322 1599 1488 1662 milia
1508 1602 1776 1661 trecenti.
1822 1603 2216 1678 supplicatio-

255 1701 373 1746 nes
404 1686 627 1747 deinde
658 1687 899 1746 suerunt
920 1701 1001 1744 ex
1023 1691 1278 1746 senatus
1301 1685 1600 1759 consulte,
1631 1687 1801 1762 quod
1821 1687 1888 1746 L.
1911 1687 2208 1752 Aemilius

254 1767 322 1830 in
346 1769 971 1847 Hispania‘prospere
996 1785 1126 1830 rem
1153 1770 1462 1844 publicam
1489 1770 1808 1844 gessisset.

377 1853 381 1860 ’
424 1853 623 1918 Haud.
644 1853 729 1921 ‚ita
766 1855 955 1917 multo
999 1860 1143 1929 post
1165 1855 1236 1916 L.
1268 1852 1476 1928 Scipio
1507 1854 1588 1914 ad
1613 1855 1828 1914 urbem
1855 1855 2054 1925 venit;
2113 1853 2218 1930 qui

252 1953 335 2002 ne
356 1939 703 2015 cognomini
725 1937 929 1999 fratris
952 1939 1217 2010 cederet,
1232 1937 1573 1998 Asiaticum
1593 1952 1665 1997 se
1687 1939 1982 2013 appellari
2000 1939 2221 2001 voluit.-

246 2030 318 2082 ει
344 2022 405 2083 in
434 2030 655 2085 senatu
682 2022 831 2085 etin
860 2022 1147 2083 contione
1174 2022 1251 2082 de
1279 2022 1466 2082 rebus
1497 2020 1572 2079 ab
1597 2037 1668 2083 se
1689 2022 1878 2097 gestis
1903 2020 2214 2083 disseruit.

246 2113 429 2168 erant
456 2107 561 2183 qui
581 2108 743 2167 fama
769 2106 834 2166 id
857 2106 1053 2168 maius
1074 2106 1302 2165 bellum
1325 2120 1510 2181 quam
1530 2104 1887 2165 difficultate
1907 2106 1998 2166 rei
2023 2108 2215 2167 ruisse

252 2189 823 2266 interpretamentum
854 2204 981 2251 uno
1009 2188 1386 2249 memorabili
1415 2190 1650 2263 proelio
1675 2188 2062 2265 debellatum,
2083 2192 2213 2266 glo-

250 2272 529 2349 riamque
552 2275 686 2336 eius
710 2273 1001 2339 victoriae
1022 2270 1457 2347 praefloratam
1483 2270 1560 2331 ad
1582 2272 2024 2350 Thermopylas
2048 2288 2210 2335 esse.

254 2364 523 2421 ceterum
548 2372 690 2418 vere
720 2357 1061 2418 aestimanti
1080 2356 1426 2417 Aetolicum
1448 2356 1642 2431 magis
1667 2356 1748 2417 ad
1767 2356 2212 2435 Thermopylas

252 2438 477 2503 bellum
502 2457 685 2515 quam
704 2441 940 2515 regium
964 2440 1091 2501 fuit.
1138 2446 1328 2515 quota
1349 2440 1509 2501 enim
1530 2446 1702 2515 parte
1725 2439 1944 2509 virium
1961 2457 2214 2501 suarum

252 2524 335 2585 tbi
376 2524 685 2584 dimicavit
724 2522 1065 2585 Antiochus
1078 2530 1110 2595 ⁴².
1148 2523 1210 2583 in
1252 2524 1406 2583 Asia
1453 2524 1639 2587 totins
1676 2524 1868 2585 Asiae
1921 2531 2218 2587 steterunt

250 2606 437 2679 vires,
466 2608 544 2668 ab
568 2606 795 2669 ultimis
824 2606 1083 2675 Orientis
1108 2605 1376 2676 omnium
1399 2608 1668 2683 gentium
1691 2608 2020 2671 contractis
2041 2609 2212 2670 auxi-

250 2690 367 2751 liis.
410 2691 560 2753 LIX.
604 2691 817 2753 merito
848 2707 995 2767 ergo
1026 2699 1087 2752 et
1105 2690 1226 2753 diis
1249 2692 1708 2769 immortalibus,
1733 2698 1997 2769 quantus
2021 2694 2212 2755 maxi-

248 2790 383 2835 mus
413 2782 685 2851 poterat,
714 2774 957 2837 habitus
988 2783 1083 2837 est
1108 2776 1340 2851 honoS,
1373 2777 1543 2852 quod
1569 2776 1875 2853 ingentem
1901 2778 2212 2840 victoriam

250 2858 491 2919 facilem
525 2860 711 2923 etiam
753 2860 1074 2935 fecissent,
1118 2867 1178 2921 et
1217 2861 1568 2936 imperatori
1607 2862 1954 2938 triumphus·
1979 2870 2077 2923 est
2105 2862 2206 2922 de-

250 2948 479 3002 cretus.
503 2943 898 3020 triumphavit
917 2960 1129 3005 mense
1154 2945 1538 3007 intercalario
1561 2946 1759 3021 pridie
1777 2945 1914 3007 Kal.
1935 2944 2208 3009 Martias.

248 3025 354 3101 qui
382 3024 725 3104 triumphus
767 3030 1123 3103 spectaculo
1154 3030 1471 3090 oculorum
1497 3029 1693 3089 maior
1723 3044 1908 3103 quam
1933 3028 2208 3089 Africani
2323 3102 2331 3108 ᾗ,

246 3108 451 3171 fratris
482 3111 616 3173 eius
648 3112 785 3185 fuit,
816 3112 1247 3173 recordatione
1273 3127 1482 3173 rerum
1509 3120 1569 3181 ej
1598 3112 2018 3172 aestimatione
2048 3114 2222 3187 peri-·

246 3192 369 3253 culi
410 3195 883 3271 certaminisque
922 3213 1049 3257 non
1082 3194 1280 3271 magis
1311 3197 1766 3271 comparandus
1799 3212 1982 3271 quam
2011 3196 2065 3255 si
2099 3196 2207 3258 im-

244 3284 589 3352 peratorem
641 3280 992 3353 imperatori
1038 3288 1145 3344 aut
1191 3279 1564 3343 Antiochum
1615 3280 1838 3341 ducem
1883 3280 2206 3344 Hannibali

244 3359 577 3421 conferres.
648 3361 783 3422 tulit
820 3364 877 3421 in
928 3364 1230 3440 triumpho
1274 3364 1454 3441 signa
1491 3363 1774 3425 militaria
1813 3364 2078 3444 ducenta
2105 3364 2198 3425 tri-

239 3443 406 3519 ginta
430 3449 734 3521 quattuor,
758 3446 1126 3520 oppidorum
1152 3448 1476 3511 simulacra
1499 3456 1739 3511 centum
1767 3447 2010 3525 triginta
2034 3455 2207 3525 quat·
