2548 3950
365 238 498 303 220
670 235 902 297 LIBER
928 232 1200 295 xxxvl.
1244 229 1413 291 CAP.
1441 234 1645 293 aas.
1670 228 1840 305 [an.
1866 250 1914 287 ο.
1938 228 2063 307 561]

363 389 702 467 praebenS,
733 388 794 447 et
822 384 878 445 si
903 399 1006 445 res
1035 378 1427 459 poposcerit,
1457 378 1843 442 traiecturus.
1888 379 2047 443 haec
2076 380 2347 455 suadet),

367 472 475 550 qui
512 480 580 534 ut
617 486 742 537 non
789 468 990 531 omnis
1030 463 1443 543 peritissimus
1486 464 1603 525 sim
1638 461 1789 526 belli
1802 510 1817 539 ,
1872 479 2013 527 cum
2040 464 2347 527 Romanis

367 564 532 618 certe
559 555 790 616 bellare
817 551 1000 614 bonis
1027 550 1333 626 malisque
1372 547 1529 609 meis
1572 544 1782 609 didici.
1847 546 1915 609 in
1946 562 2107 625 quae
2134 550 2349 611 consi·

365 644 514 702 lium
555 638 730 712 dedi,
783 637 845 697 in
889 635 1107 697 eadem
1145 650 1262 695 nec
1302 632 1612 694 infidelem
1636 642 1755 692 nec
1796 644 2053 707 saginem
2085 648 2347 707 operam

368 722 687 801 polliceor.
733 721 817 781 dii
839 719 1194 796 approbent
1221 732 1359 779 eam
1386 714 1751 784 sententiam
1780 731 1941 792 quae
1968 715 2077 777 tibi
2108 716 2346 793 optima

366 810 504 868 visa
530 806 772 869 ἰωήν(

397 940 402 943 .
535 890 698 951 Vlll.
743 888 914 949 Haec
943 888 1134 947 ferme
1159 886 1526 949 Hannibalis
1554 884 1750 947 oratio
1796 883 1938 959 fuit,
1982 899 2168 961 quam
2200 887 2345 948 lan-

370 978 592 1036 darunt
617 973 816 1049 magis
845 972 906 1032 in
936 969 1289 1048 praesentia
1312 972 1416 1045 qui
1440 972 1727 1041 aderant,
1763 983 1949 1044 quam
1967 968 2159 1033 rebus
2179 968 2345 1045 ipsis

370 1056 650 1119 exsecuti
688 1061 864 1117 suntx
907 1053 1058 1115 nihil
1099 1054 1260 1114 enim
1304 1070 1519 1115 eorum
1562 1054 1789 1114 factum
1830 1058 1955 1127 est,
2008 1052 2128 1115 nisi
2171 1056 2345 1128 quod

370 1142 450 1202 ad
481 1143 748 1202 classem
787 1138 1127 1213 copiasque
1167 1140 1583 1199 arcessendas
1606 1152 1691 1198 ex
1716 1135 1871 1198 Asia
1894 1136 2348 1215 Polyxenidam

369 1227 550 1286 misit.
581 1224 764 1301 legati
775 1222 1053 1284 Larisam
1077 1222 1156 1282 ad
1179 1222 1505 1283 concilium
1525 1220 1961 1283 Thessalorum
1982 1227 2129 1285 sunt
2141 1221 2345 1299 missi,

371 1316 432 1370 et
459 1310 696 1371 Aetolis
724 1307 1260 1385 Amynandroque
1290 1306 1425 1369 dies
1467 1306 1549 1367 ad
1585 1304 2074 1387 conveniendum
2100 1306 2347 1369 exerci-

369 1393 460 1455 tui
485 1392 718 1455 Pheras
749 1398 846 1453 est
873 1391 1094 1453 dictus.
1149 1391 1373 1452 eodem
1400 1397 1463 1452 et
1488 1405 1603 1451 rex
1632 1405 1773 1451 cum
1800 1388 1933 1451 suis
1962 1389 2159 1465 copiis
2191 1405 2344 1451 con·

371 1478 574 1539 restim
611 1476 797 1538 venit.
851 1475 936 1535 ibi
965 1474 1111 1537 dum
1152 1475 1470 1551 opperitur
1495 1474 1963 1552 Amynandrum
2002 1480 2187 1551 atque
2212 1475 2343 1536 Ae-

371 1564 564 1635 tolos,
602 1560 954 1637 Philippum
993 1558 1581 1635 Megalopolitanum
1617 1574 1763 1619 eum
1806 1558 2049 1621 duobus
2092 1558 2343 1623 milibus

370 1644 686 1706 hominum
714 1644 794 1703 ad
822 1642 1084 1719 legenda
1106 1658 1255 1705 ossa
1274 1642 1684 1705 Macedonum
1704 1642 1875 1705 eirca
1898 1641 2343 1721 Cynoscepha-

372 1732 482 1804 laS‚
511 1727 617 1788 ubi
641 1726 1012 1788 debellatum
1041 1732 1170 1787 erat
1193 1742 1333 1787 eum
1352 1726 1655 1803 Philippo,
1688 1726 1880 1800 misit,
1910 1726 2045 1788 sive
2071 1726 2341 1802 abipso,

373 1818 707 1889 quaerente
749 1812 866 1872 sibi
911 1812 1503 1873 commendationem
1536 1812 1619 1873 ad
1646 1810 2053 1873 Macedonum
2092 1817 2343 1887 gentem

372 1904 432 1957 et
459 1895 750 1957 invidiam
775 1896 938 1971 regi,
971 1896 1142 1972 quod
1169 1895 1513 1972 insepultos
1538 1896 1763 1957 milites
1792 1895 2174 1973 reliquisset,
2205 1911 2335 1957 mo·

373 1983 569 2052 nitus;
614 1981 748 2042 sive
775 1979 852 2042 ab
881 1980 1066 2042 insita
1091 1981 1343 2058 regibus
1364 1982 1632 2043 vanitate
1659 1982 1741 2042 ad
1762 1980 2094 2042 consilinm
2120 1983 2342 2057 specie

371 2068 670 2140 amplum,
713 2080 782 2124 re
823 2065 1004 2126 inane
1043 2065 1244 2126 animo
1288 2065 1551 2128 adiecto.
1616 2065 1886 2127 tumulus
1929 2065 2115 2140 estin
2147 2081 2342 2126 unum

371 2150 654 2225 ossibuS‚
709 2165 870 2225 quae
910 2150 1144 2225 passim
1186 2155 1376 2212 strata
1414 2157 1615 2225 erant,
1666 2151 2047 2212 coacervatis
2097 2149 2338 2220 factus3

373 2235 478 2310 qui
506 2235 734 2295 nullam
759 2235 1018 2310 gratiam
1047 2233 1130 2294 ad
1153 2233 1530 2296 Macedonas
1546 2279 1563 2310 ‚
1606 2233 1815 2295 odium
1843 2231 2062 2309 ingens
2094 2233 2173 2294 ad
2197 2231 2341 2294 Phi·

370 2318 606 2392 lippum
633 2317 840 2380 movit.
884 2319 1092 2393 itaque
1122 2316 1228 2394 qui
1256 2317 1339 2378 ad
1366 2318 1430 2378 id
1458 2325 1703 2395 tempus
1736 2317 2044 2380 fortunam
2072 2323 2243 2378 esset
2271 2319 2336 2378 in

374 2403 633 2463 consilio
661 2401 982 2463 habiturus
997 2446 1012 2473 ,
1059 2401 1116 2462 is
1157 2404 1464 2477 extemplo
1495 2403 1576 2462 ad
1596 2403 1684 2463 M.
1712 2401 2011 2463 Baebium
2039 2417 2339 2478 proprae-

370 2494 564 2546 torem
591 2486 785 2560 misit,
834 2484 1207 2547 Antiochum
1245 2486 1309 2545 in
1335 2485 1713 2547 Thessaliam
1752 2488 2048 2562 impetum
2074 2486 2337 2557 recisse3

372 2570 425 2628 si
454 2570 766 2630 videretur
793 2569 882 2640 ei,
923 2575 1201 2630 moveret
1239 2585 1320 2630 ex
1356 2569 1659 2631 hiber-nim
1705 2585 1777 2631 se
1807 2569 2052 2632 obviam
2079 2585 2337 2646 proces·

373 2667 618 2725 surum,
649 2660 718 2712 ut
745 2653 894 2726 quid
920 2654 1230 2728 agendum
1259 2659 1441 2713 esset-
1458 2655 1893 2716 consultarent.

537 2736 636 2796 IX.
683 2735 988 2797 Antiocho
1006 2736 1090 2798 vad
1111 2735 1341 2798 Pheras
1363 2737 1484 2798 iam
1518 2745 1721 2800 castra
1746 2738 1993 2800 habenti
2006 2784 2022 2813 ,
2053 2737 2158 2799 ubi
2188 2753 2337 2799 con·

370 2827 696 2881 iunxerant
735 2820 792 2880 ei
841 2835 912 2880 se
951 2820 1154 2882 Aetoli
1189 2828 1256 2882 et
1292 2822 1697 2900 Amynander
1710 2869 1725 2897 ,
1777 2823 1961 2898 legati
2002 2822 2080 2882 ab
2121 2821 2339 2884 Larisa

369 2911 666 2966 venerunt
695 2911 1060 2980 quaerentes
1075 2952 1092 2979 ‚
1137 2906 1307 2981 quod
1351 2907 1433 2967 ob
1466 2907 1697 2970 iactum
1732 2905 2042 2969 dictumve
2068 2905 2335 2968 Thessa·

367 2990 567 3049 lorum
593 2988 756 3049 bello
785 2989 1125 3050 lacesseret
1143 3005 1277 3064 eos,
1304 2985 1493 3051 simul
1509 2998 1775 3069 orantes,
1804 2999 1875 3052 ut
1894 2997 2132 3053 remoto
2155 3005 2335 3051 exer-

371 3072 496 3134 citu
522 3088 636 3148 per
663 3075 930 3149 legatos,
962 3074 1018 3135 si
1047 3073 1197 3154 quid
1225 3074 1282 3135 ei
1310 3074 1649 3150 videretur,
1690 3091 1905 3138 seeum
1938 3075 2334 3152 disceptaret.

369 3156 588 3218 eodem
609 3163 888 3233 tempore
911 3159 1279 3235 quingentos
1300 3166 1567 3221 armatos
1590 3159 1749 3222 duce
1768 3158 2158 3236 Hippolocho
2179 3158 2333 3220 Phe·

367 3256 470 3300 ras
499 3241 561 3299 in
590 3241 968 3314 praesidium
995 3243 1327 3306 misen-unu
1364 3243 1406 3306 ii
1445 3244 1685 3305 exclusi
1722 3245 1925 3320 aditu,
1965 3243 2087 3305 iam
2127 3243 2337 3306 omnia

367 3324 580 3383 itinera
603 3323 1029 3388 obsidentibus
1049 3326 1237 3402 regiis
1251 3373 1266 3400 ,
1294 3326 1621 3396 Scotusam
1637 3343 1715 3389 se
1734 3335 2121 3405 receperunt.
2162 3328 2331 3403 lega-

369 3406 444 3464 tis
469 3407 894 3470 Larisaeorum
923 3425 1035 3470 rex
1059 3411 1390 3472 clementer
1408 3412 1731 3488 respondit
1752 3429 1877 3475 non
1898 3412 2044 3474 belli
2064 3410 2333 3474 faciendi

369 3489 484 3546 sed
513 3491 778 3552 tuendae
807 3501 868 3553 et
897 3492 1297 3558 stabiliendae
1338 3497 1631 3560 libertatis
1660 3495 2097 3560 Thessalorum
2137 3511 2334 3557 causa
