2548 3950
275 230 395 299 184
545 230 775 291 LIBER
802 229 1043 290 XXXV.
1090 228 1491 290 CAP.1o.11.
1536 229 1945 306 [a.U.c.559]

257 402 387 447 non
419 382 676 460 patrueli
707 396 777 442 se
807 388 1014 457 petere
1053 380 1283 455 aiebat,
1326 397 1441 457 pro
1472 382 1670 456 legato
1702 388 1762 442 et
1790 382 2085 459 participe
2112 383 2231 445 ad-

257 465 640 530 ministrandi
690 465 865 525 belli.
921 481 990 525 se
1029 470 1222 538 terra,
1227 456 1520 525 ‘fratrem
1563 466 1712 525 mari
1752 480 1881 525 rem
1920 466 2227 541 gessisse.

258 554 356 612 his
400 550 688 623 obtinuit,
728 554 797 608 ut
836 548 1244 623 praeferretur
1284 548 1638 622 candidato,
1682 564 1865 624 quem
1892 542 2227 611 Africanus

259 637 446 695 frater
475 633 754 706 ducebat,
818 646 1002 707 quem
1031 629 1313 692 Cornelia
1339 646 1491 707 gens
1522 632 1800 693 Cornelio
1832 636 2084 695 consule
2114 649 2227 694 co—

257 720 424 781 mitia
452 717 745 789 habente,
776 730 958 790 quem
983 720 1215 775 tantum
1244 716 1681 790 praeiudicium
1710 722 1990 789 senatus,
2022 716 2224 777 virum

259 820 294 862 e
325 802 565 863 civitate
607 798 902 875 optimum
930 796 1259 860 iudicatum
1273 844 1289 872 ,
1333 799 1436 873 qui
1465 804 1717 859 matrem
1744 800 1988 860 Idaeam
2014 799 2223 861 Pessi-

259 892 446 947 nunte
479 884 825 944 venientem
855 881 916 940 in
947 882 1162 943 urbem
1192 882 1513 958 acciperet.
1576 883 1643 943 L.
1676 881 1988 956 Quinctius
2018 892 2079 944 et
2106 882 2221 945 Cn.

257 968 556 1031 Domitius
597 966 1050 1029 Ahenobarbus
1100 966 1389 1027 consules
1440 966 1609 1027 facti:
1665 966 1821 1028 adeo
1863 981 1941 1027 ne
1981 968 2041 1028 in
2086 967 2225 1043 ple-

257 1054 400 1115 beio
442 1051 691 1129 quidem
719 1050 1004 1123 consule,
1049 1063 1188 1110 cum
1217 1066 1332 1123 pro
1364 1047 1425 1109 C.
1455 1050 1663 1111 Laelio
1692 1049 2009 1124 niteretur,
2052 1051 2223 1111 Afri·

261 1152 450 1199 canus
493 1135 700 1195 valuit.
765 1139 1016 1209 postero
1060 1132 1159 1193 die
1193 1138 1515 1209 praetores
1544 1134 1728 1195 creati
1754 1135 1820 1194 L.
1854 1132 2222 1197 Scribonius

257 1220 410 1281 Libo
439 1219 523 1279 M.
550 1217 804 1279 Fulvius
847 1218 1236 1279 Centumalus
1264 1216 1340 1275 A.
1368 1217 1587 1278 Atilius
1618 1216 1921 1279 Serranus
1948 1218 2028 1277 Μ.
2058 1218 2219 1279 Bae*

257 1303 398 1365 bius
426 1302 781 1379 Tamphilus
808 1303 876 1362 L.
897 1301 1185 1361 Valerius
1211 1301 1425 1376 Tappo
1458 1299 1525 1374 Q.
1550 1299 1837 1362 Salonius
1864 1300 2064 1363 Sarra.
2110 1318 2221 1363 ae-

260 1387 460 1449 dilitas
488 1386 745 1461 insignis
775 1402 851 1448 eo
881 1400 1042 1445 anno
1073 1384 1185 1445 fuit
1203 1384 1284 1443 M.
1309 1384 1549 1445 Aemilii
1570 1384 1785 1459 Lepidi
1807 1391 1866 1447 et
1883 1386 1949 1445 L.
1976 1385 2222 1447 Aemilii

256 1470 443 1531 Pauli.
483 1471 708 1530 multos
742 1469 1065 1545 pecuarios
1095 1466 1486 1528 damnarunt:
1526 1483 1607 1528 ex
1634 1483 1710 1529 ea
1738 1468 1997 1544 pecunia
2018 1470 2223 1546 clipea

257 1556 532 1615 inaurata
559 1554 619 1613 in
650 1553 890 1628 fastigio
919 1553 1084 1613 Iovis
1115 1551 1289 1612 aedis
1302 1558 1664 1626 posuerunt.
1711 1551 2011 1626 porticum
2032 1568 2223 1616 unam

268 1646 432 1697 extra
464 1644 703 1713 portam
741 1637 1174 1711 Trigeminam,
1218 1636 1495 1710 emporio
1537 1636 1617 1695 ad
1652 1635 1913 1695 Tiberim
1954 1636 2223 1713 adiecto,

262 1720 511 1780 alteram
553 1719 630 1778 ab
673 1726 852 1793 porta
876 1718 1177 1779 Fontinali
1206 1718 1289 1777 ad
1315 1719 1524 1779 Martis
1555 1734 1721 1779 aram
1736 1764 1755 1794 ,
1799 1736 1922 1795 qua
1952 1720 2011 1781 in
2041 1720 2223 1782 Cam-

256 1819 404 1879 pum
431 1803 546 1863 iter
574 1809 759 1875 esset,
790 1803 1224 1876 perduxerunt.
1746 1820 1753 1826 ·

254 1891 258 1894 ’
424 1886 526 1946 ΧΙ.
583 1886 701 1946 Diu
739 1886 885 1945 nihil
925 1885 985 1944 iu
1014 1884 1337 1961 Liguribus
1380 1886 1629 1961 dignum
1658 1887 1954 1947 memoria
1976 1894 2223 1962 gestum

257 1978 416 2032 erat=
461 1977 733 2031 extremo
761 1969 894 2031 eius
922 1969 1065 2029 anni
1093 1969 1190 2031 bis
1219 1969 1281 2028 in
1311 1987 1596 2047 magnum
1626 1971 1963 2048 periculum
1982 1986 2083 2032 res
2104 1972 2222 2034 ad·

258 2055 442 2115 ducta
481 2061 592 2114 est.
659 2070 800 2113 nam
839 2060 901 2114 et
926 2061 1130 2114 castra
1172 2055 1442 2115 consulis
1474 2062 1829 2130 oppugnata
1854 2071 2039 2131 aegre
2066 2064 2223 2117 sunt

259 2138 546 2212 defensa,
589 2144 651 2198 et
675 2153 800 2198 non
829 2137 914 2197 ita
944 2138 1132 2199 multo
1161 2144 1308 2212 post
1335 2152 1446 2213 per
1474 2141 1694 2199 saltum
1722 2147 2045 2214 angustum
2074 2154 2219 2204 cum

257 2221 586 2282 duceretur
613 2237 831 2297 agmen
859 2222 1220 2296 Romanum,
1256 2223 1429 2297 ipsas
1456 2225 1669 2282 fauces
1699 2223 2003 2284 exercitus
2030 2224 2193 2297 Ligu

254 2319 391 2365 rum
412 2305 655 2366 insedit.
687 2321 810 2381 qua
831 2321 970 2366 cum
994 2306 1192 2366 exitus
1215 2320 1340 2365 non
1365 2312 1615 2381 pateret,
1640 2321 1945 2368 converso
1968 2307 2220 2382 agmine

254 2389 458 2449 redire
484 2389 696 2450 institit
723 2390 959 2449 consul.
1011 2396 1071 2448 et
1098 2390 1174 2449 ab
1203 2396 1375 2464 tergo
1406 2391 1617 2450 fauces
1648 2391 1842 2451 saltus
1876 2398 2223 2466 occupatae

256 2487 296 2530 a
323 2479 500 2547 parte
537 2471 802 2532 bostium
833 2479 1030 2545 erant,
1078 2472 1513 2548 Caudinaeque
1544 2471 1735 2534 cladis
1756 2475 2056 2549 ,memoria
2084 2491 2221 2536 non

255 2555 474 2615 animis
523 2553 709 2615 modo
753 2555 866 2614 sed
908 2571 1104 2630 prope
1147 2557 1342 2617 oculis
1386 2557 1847 2619 obversabatur.
1918 2557 2221 2622 Numidas

259 2639 643 2711 octingentos
683 2639 873 2698 ferme
916 2640 1153 2714 equites
1195 2640 1351 2700 inter
1392 2641 1617 2700 auxilia
1644 2640 1925 2703 habebat.
1998 2657 2221 2703 eorum

258 2722 606 2796 praefectus
639 2723 877 2782 consuli
905 2723 1225 2799 pollicetur
1253 2739 1324 2784 se
1354 2729 1527 2798 parte
1556 2730 1690 2783 utra
1710 2726 1897 2785 vellet
1918 2741 2054 2785 cum
2076 2727 2219 2788 suis

254 2810 641 2878 erupturum
687 2812 916 2866 tantum
944 2805 1030 2866 uti
1053 2805 1298 2880 diceret,
1328 2815 1463 2868 utra
1486 2823 1632 2882 pars
1656 2808 2031 2884 frequentior
2052 2807 2219 2872 vicis

254 2893 453 2948 essetz
506 2888 568 2948 in
599 2905 710 2950 eos
753 2905 823 2950 se
864 2890 1154 2965 impetum
1193 2891 1524 2965 facturum,
1561 2897 1621 2952 et
1648 2891 1795 2963 nibil
1825 2893 1996 2968 prius
2026 2909 2219 2966 quam

209 3043 214 3048 ⁸
255 2971 557 3031 flammam
600 2973 775 3034 tectis
818 2973 1204 3048 iniecturum,
1249 2983 1317 3035 ut
1355 2974 1409 3034 is
1454 2991 1651 3048 pavor
1680 2983 1925 3050 cogeret
1955 2975 2219 3050 Ligures

253 3055 558 3116 excedere
587 3061 779 3131 saltu,
822 3073 1004 3132 quem
1032 3056 1413 3132 obsiderent,
1451 3065 1512 3118 et
1540 3058 1885 3118 discurrere
1916 3061 1993 3120 ad
2025 3075 2218 3134 opem

253 3139 565 3199 ferendam
599 3139 748 3202 suis.
802 3141 1209 3201 collaudatum
1239 3157 1377 3202 eum
1409 3142 1626 3202 consul
1656 3157 1769 3217 spe
1798 3144 2219 3218 praemiorum

253 3228 485 3282 onerat.
547 3223 843 3284 Numidae
885 3239 1082 3300 equos
1115 3225 1566 3299 conscendunt,
1609 3232 1671 3286 et
1699 3225 2056 3301 obequitare
2084 3233 2219 3288 sta-

249 3306 517 3366 tionibus
543 3306 839 3381 hostium,
883 3307 1185 3368 neminem
1212 3309 1612 3382 lacessenteS,
1644 3317 1994 3384 coeperunt.
2059 3309 2220 3372 nihil

253 3389 449 3462 primo
483 3390 779 3465 adspectu
809 3392 1247 3466 contemptius·
1232 3433 1246 3446 .
1291 3392 1434 3468 equi
1463 3392 1868 3468 hominesque
1894 3393 2121 3468 paululi
2148 3401 2222 3454 et

253 3471 544 3545 gracileS,
589 3471 924 3534 discinctus
953 3481 1013 3535 et
1039 3475 1286 3535 inermis
1316 3491 1542 3550 equeS,
1577 3484 2006 3551 praeterquam
2036 3479 2223 3552 quod
