2548 3950
376 183 455 248 78
654 183 881 242 LIBER
908 182 1144 242 XXXII.
1186 180 1350 240 CAP.
1380 188 1468 242 33.
1496 189 1584 242 34.
1629 187 1700 252 [a.
1733 183 1802 238 U.
1831 201 1880 236 e.
1909 183 2034 250 555]

372 335 547 399 sione
578 332 895 394 dimicetur
922 333 1233 392 tollentem
1262 329 1408 390 nihil
1439 329 1554 391 sibi
1595 339 1838 406 praeter
1875 330 2104 398 bellum
2143 331 2338 392 relin-

373 435 579 496 quere,
614 417 783 492 quod
814 415 1136 476 consilium
1164 421 1350 475 esse?
1379 412 1570 489 pluris
1598 413 1806 490 priore
1831 429 1991 474 anno
2015 413 2336 475 sociorum

372 505 557 564 urbes
590 501 650 560 in
678 499 996 560 Thessalia
1024 507 1346 560 evastasse
1370 497 1714 573 Philippum
1759 512 1943 572 quam
1973 514 2192 558 omnes
2225 497 2335 574 qui

374 601 661 662 umquam
688 585 903 646 hostes
932 581 1287 644 Thessaliae
1317 581 1555 642 suerint.
1617 580 1774 656 ipsis
1807 597 2058 657 quoque
2086 582 2334 643 Aetolis

373 687 513 732 eum
543 670 720 745 plura
743 666 981 728 socium
1012 682 1194 742 quarn
1222 665 1464 726 hostem
1491 663 1820 725 ademisse.
1874 663 2334 741 Lysimachiam

372 755 553 829 pulso
598 759 880 827 praetore
921 758 983 810 et
1025 748 1333 824 praesidio
1376 750 1734 810 Aetolorum
1777 763 2125 824 occupasse
2166 764 2332 808 eum.

374 836 542 898 Cium
571 835 714 896 item
744 849 895 895 suae
936 831 1198 894 dicionis
1239 833 1454 894 urbem
1483 831 1755 892 funditus
1785 831 2086 893 evertisse
2117 847 2192 892 ac
2224 833 2331 892 de-

372 923 558 982 lesse.
643 919 859 980 eadem
890 917 1103 977 fraude
1132 916 1362 976 habere
1392 932 1530 976 eum
1557 915 1798 996 Thebas
1826 913 2107 990 Phthias,
2147 914 2330 975 Echi-

372 1023 535 1077 num,
562 1001 855 1072 Larisam,
886 999 1261 1060 Pharsalum.

532 1087 798 1146 XXXIV.
842 1085 1048 1144 Motus
1081 1081 1354 1143 oratione
1383 1081 1715 1143 Alexandri
1737 1081 2058 1158 Philippus
2087 1098 2332 1157 navem,

373 1180 441 1231 ut
468 1168 879 1240 exaudiretur,
910 1165 1165 1243 propius
1197 1175 1417 1226 terram
1445 1165 1756 1242 applicuit.
1828 1181 2037 1226 orsum
2067 1181 2210 1226 eum
2239 1165 2332 1226 di-

376 1270 546 1324 cere,
600 1251 660 1312 in
701 1251 957 1312 Aetolos
1000 1249 1292 1325 maxime,
1343 1249 1638 1310 violenter
1663 1250 1978 1310 Phaeneas
2005 1247 2330 1314 interfatus

372 1355 496 1400 non
525 1335 587 1396 in
619 1335 823 1396 verbis
852 1351 981 1396 rem
1006 1333 1161 1394 verti
1190 1332 1302 1394 ait:
1346 1341 1451 1393 aut
1477 1334 1639 1394 bello
1668 1333 2038 1393 vincendum
2067 1341 2173 1393 aut
2201 1349 2332 1394 me-

373 1419 627 1482 lioribus
658 1420 996 1496 parendum
1030 1434 1191 1479 esse.
1237 1425 1534 1494 „apparet
1560 1416 1624 1476 id
1654 1415 1936 1492 quidem“
1967 1414 2166 1491 inquit
2191 1415 2330 1476 Phi-

372 1504 579 1579 lippus
623 1503 843 1576 „etiam
888 1507 1135 1573 caece,“
1177 1502 1416 1562 iocatus
1456 1500 1518 1559 in
1561 1497 1966 1560 valetudinem
2009 1500 2331 1560 oculorum

371 1588 709 1647 Phaeneae.
780 1594 841 1647 et
868 1593 999 1646 erat
1025 1583 1297 1646 dicacior
1325 1594 1539 1646 natura
1569 1601 1751 1659 quam
1777 1599 1986 1657 regem
2015 1583 2226 1654 decet,
2268 1591 2334 1643 ct

374 1687 452 1730 ne
478 1669 635 1730 inter
659 1668 822 1729 seria
848 1667 1095 1742 quidem
1116 1668 1247 1728 risu
1270 1666 1420 1729 satis
1445 1675 1811 1743 temperans.
1857 1664 2160 1741 indignari
2182 1665 2327 1726 inde

374 1751 580 1828 coepit
606 1753 862 1812 Aetolos
893 1758 1201 1824 tamquam
1220 1753 1533 1812 Romanos
1558 1751 1775 1811 decedi
1799 1749 2052 1811 Graecia
2080 1749 2329 1822 iubere;

376 1835 481 1913 qui
512 1835 734 1912 quibus
763 1833 989 1894 finibus
1020 1833 1276 1894 Graecia
1305 1832 1400 1907 sit,
1431 1833 1636 1895 dicere
1664 1852 1786 1896 non
1814 1832 2076 1909 possint.
2126 1831 2331 1910 ipsius

373 1919 534 1981 enim
580 1917 861 1980 Aetoliae
907 1919 1187 1993 Agraeos
1247 1918 1699 1995 Apodotosque
1749 1927 1810 1980 et
1855 1917 2330 1993 Amphilochos,

375 2019 534 2079 quae
564 2019 897 2079 permagna
926 2018 1138 2063 eorum
1166 2019 1314 2077 pars
1343 2002 1439 2075 sit,
1471 2002 1786 2063 Graeciam
1816 2019 1937 2063 non
1969 2018 2133 2063 esse.
2208 2019 2332 2075 „an

375 2088 543 2163 quod
572 2104 609 2146 a
639 2084 827 2147 sociis
859 2102 1071 2146 eorum
1102 2103 1224 2147 non
1255 2085 1678 2159 abstinuerim,
1719 2085 1941 2147 iustam
1986 2086 2330 2161 querellam

372 2172 614 2246 habent,
646 2186 783 2231 eum
811 2168 933 2246 ipsi
962 2187 1075 2245 pro
1106 2170 1242 2245 lege
1262 2170 1425 2231 hunc
1447 2168 1780 2245 antiquitus
1801 2185 2032 2231 morem
2053 2178 2330 2242 servent,

372 2265 438 2317 ut
464 2257 767 2317 adversus
798 2252 1007 2316 socios
1035 2253 1157 2330 ipsi
1186 2270 1366 2327 suoS,
1411 2252 1654 2330 publica
1696 2262 1924 2315 tantum
1965 2252 2332 2315 auctoritate

372 2340 647 2416 dempta,
698 2341 1073 2400 iuventutem
1114 2354 1289 2399 suam
1337 2336 1594 2399 militare
1637 2336 1838 2397 sinant
1877 2346 1938 2398 et
1979 2334 2328 2398 contrariae

370 2440 673 2498 persaepe
704 2422 871 2483 acies
901 2420 960 2480 in
990 2430 1249 2496 utraque
1281 2428 1453 2495 parte
1465 2418 1756 2481 Aetolica·
1771 2419 1998 2482 auxilia
2018 2421 2331 2481 habeant?

371 2522 572 2579 neque
603 2522 717 2579 ego
744 2504 913 2563 Cium
944 2504 1325 2579 expugnavi,
1369 2504 1482 2564 sed
1508 2501 1782 2565 Prusiam
1823 2502 2060 2565 socium
2090 2512 2152 2565 et
2177 2503 2330 2564 ami-

370 2604 507 2649 cum
540 2594 994 2662 oppugnantem
1025 2587 1265 2647 adiuvi=
1313 2596 1373 2648 et
1403 2586 1850 2662 Lysimachiam
1880 2588 1957 2647 ab
1985 2587 2328 2647 Thracibus

368 2670 705 2741 vindieavi3
738 2678 799 2730 et
830 2670 973 2743 quia
1000 2686 1098 2730 me
1126 2670 1466 2731 necessitas
1495 2672 1574 2730 ad
1595 2671 1714 2731 hoc
1737 2672 1959 2731 bellum
1983 2687 2021 2731 a
2043 2670 2331 2732 custodia
2367 2706 2370 2709 -

369 2754 503 2815 eius
534 2753 767 2825 avertit,
800 2752 1067 2814 Thraces
1098 2753 1340 2815 habent.
1385 2762 1446 2815 et
1471 2754 1707 2815 Aetolis
1737 2754 1910 2815 haec.
1979 2755 2188 2815 Attalo
2219 2770 2328 2813 au-

368 2845 488 2897 tem
516 2835 901 2911 Rhodiisque
929 2836 1077 2896 nihil
1117 2836 1249 2897 iure
1292 2838 1522 2898 debeo:
1566 2854 1687 2899 non
1719 2837 1879 2899 enim
1907 2855 1946 2897 a
1971 2854 2070 2897 me
2101 2838 2220 2897 sed
2247 2838 2327 2897 ab

366 2919 484 2981 illis
516 2919 882 2996 principium
914 2919 1055 2979 belli
1086 2930 1280 2981 ortum
1311 2929 1423 2981 est.
1465 2921 1878 2983 Romanorum
1899 2929 2102 2981 autem
2125 2920 2328 2981 hono·

368 3004 450 3067 ris
484 3020 673 3067 causa
700 3004 970 3063 Peraean
999 3002 1258 3065 Rhodiis
1291 3012 1350 3064 et
1377 3020 1568 3065 naves
1605 3006 1812 3066 Attalo
1856 3022 1994 3065 cum
2039 3002 2326 3079 captivis,

366 3087 471 3163 qui
502 3088 959 3164 comparebunt,
989 3085 1324 3149 restituam.
1408 3104 1545 3146 nam
1578 3088 1746 3163 quod
1775 3088 1854 3148 ad
1881 3086 2328 3163 Nicephorium

368 3173 751 3247 Venerisque
781 3170 990 3246 templi
1017 3169 1460 3233 restitutionem
1502 3170 1744 3245 attinet,
1788 3171 1937 3247 quid
1976 3170 2218 3231 restitui
2249 3186 2327 3230 ea

367 3256 809 3327 postulantibus
833 3256 1262 3330 respondeam,
1301 3254 1418 3315 nisi
1441 3272 1563 3329 quo
1595 3272 1715 3315 uno
1739 3255 1922 3316 modo
1949 3253 2147 3315 silvae
2171 3252 2324 3315 luci-

366 3352 486 3407 que
515 3336 682 3397 caesi
710 3337 943 3398 restitui
972 3346 1263 3411 possunt,
1306 3354 1514 3397 curam
1557 3337 2025 3414 impensamque
2056 3336 2322 3399 sationis

366 3431 459 3508 me
488 3425 963 3493 praestaturum,
1006 3420 1291 3493 quoniam
1321 3422 1472 3480 haee
1502 3420 1658 3481 inter
1688 3438 1756 3482 se
1785 3436 1965 3495 reges
1996 3422 2322 3496 postulare
