2548 3950
565 227 794 289 LIBER
824 227 1093 290 XXXVI.
1139 228 1523 293 CAP.37.33.
1556 237 1630 305 [a.
1658 236 1722 289 c.
1749 237 1872 305 191]
1997 226 2139 295 '253

353 381 648 442 XXXVII.
693 378 995 457 Principio
1027 381 1160 442 eius
1189 381 1349 455 anni,
1381 397 1505 457 quo
1534 381 1688 443 haec
1717 381 1836 443 iam
1862 384 2140 458 prolecto

172 468 264 529 ad
293 466 519 527 bellum
547 463 648 523 Μ’.
676 464 905 537 Acilio,
948 471 1231 525 manente
1270 464 1472 525 adhuc
1498 465 1731 526 Romae
1759 466 1823 526 Ρ.
1857 467 2140 531 Cornelio

173 550 444 613 consule
489 547 854 623 agebantur,
902 549 1097 609 boves
1147 548 1309 610 duos
1349 550 1611 611 domitos
1653 548 1714 609 in
1758 550 1989 612 Carinis
2032 567 2145 628 per

175 634 388 696 scalas
429 630 792 707 pervenisse
819 632 880 693 in
908 632 1147 707 tegulas
1177 631 1443 695 aedificii
1470 631 1780 708 proditum
1812 634 2143 697 memoriae

173 725 297 781 est.
363 730 476 777 eos
503 715 683 777 vivos
712 713 991 777 comburi
1030 716 1418 791 cineremque
1449 732 1662 778 eorum
1692 716 1851 778 deici
1877 718 1937 779 in
1967 718 2141 779 Tibe·

171 800 297 861 rim
325 798 690 874 haruspices
720 798 1048 860 iusserunt.
1099 797 1463 860 Tarracinae
1492 809 1555 863 et
1579 799 1876 862 Amiterni
1905 801 2141 863 nuntia·

171 894 310 945 tum
351 888 446 944 est
491 882 856 959 aliquotiens
890 880 1199 959 lapidibus
1230 883 1536 959 pluvisse,
1572 884 1897 946 Minturnis
1926 886 2141 946 aedem

173 967 347 1029 Iovis
397 972 458 1027 et
497 966 782 1032 tabernas
826 966 990 1028 circa
1016 966 1213 1028 forum
1243 967 1323 1027 de
1350 968 1523 1029 caelo
1554 974 1747 1030 tactas
1777 983 1949 1044 esse,
1991 969 2137 1029 Vul-

177 1050 344 1113 turni
383 1049 443 1110 in
486 1051 644 1116 ostio
687 1049 954 1111 fluminis
997 1050 1152 1111 duas
1190 1065 1383 1112 naves
1423 1052 1675 1113 fulmine
1714 1052 1865 1114 ictas
1910 1051 2140 1114 confla-

174 1148 418 1210 grasse.
490 1150 700 1195 eorum
747 1132 1169 1211 prodigiorum
1219 1151 1411 1195 causa
1450 1135 1641 1197 libros
1686 1135 2020 1215 Sibyllinos
2060 1151 2140 1196 ex

177 1223 436 1279 senatus
469 1219 748 1280 consulto
772 1216 1104 1281 decemviri
1126 1234 1264 1288 cum
1286 1218 1582 1295 adissent,
1609 1221 2137 1283 renuntiaverunt=

180 1300 472 1361 ieiunium
512 1301 949 1365 instituendum
977 1302 1182 1364 Cereri
1222 1318 1397 1377 esse,
1442 1310 1505 1364 et
1542 1303 1605 1363 id
1647 1305 1859 1379 quinto
1890 1319 2139 1380 quoque

180 1398 345 1448 anno
377 1384 779 1456 servandum
811 1392 872 1447 et
891 1392 960 1448 ut
977 1385 1365 1449 novemdiale
1388 1402 1633 1447 sacrum
1656 1386 1845 1461 fieret,
1868 1395 1931 1448 et
1950 1403 2139 1447 unum

176 1468 344 1529 diem
385 1469 751 1546 supplicatio
792 1478 990 1545 esset,
1034 1468 1311 1533 coronati
1342 1470 1791 1546 supplicare-,nu
1836 1476 1896 1530 et
1924 1471 2139 1531 consul

175 1550 240 1610 P.
275 1552 610 1625 Cornelius»,
645 1552 869 1630 quibus
898 1552 1017 1616 diis
1049 1553 1400 1630 quibusque
1426 1552 1646 1615 hostIis
1666 1554 2007 1615 edidissent
2034 1554 2138 1613 de-

179 1635 449 1710 cemviri,
481 1636 874 1700 sacrificaret.
938 1635 1196 1713 placatis
1227 1637 1346 1699 diis
1374 1652 1539 1699 nunc
1566 1638 1725 1699 votis
1752 1638 1867 1698 rite
1894 1639 2139 1699 solven-

179 1719 279 1781 dis
307 1735 472 1781 nunc
506 1720 806 1797 prodigiis
834 1720 1186 1797 expiandis,
1233 1721 1295 1782 in
1323 1720 1706 1798 provinciam
1733 1721 2143 1797 proficiscitur

181 1804 430 1878 consul,
471 1811 658 1881 atque
697 1804 841 1865 inde
884 1805 987 1866 Cn.
1027 1804 1356 1867 Domitium
1397 1808 1832 1881 proconsulem
1882 1804 2138 1866 dimisso

180 1885 455 1949 exercitu
482 1888 742 1951 Romam
769 1888 1071 1949 decedere
1096 1887 1297 1951 iussit.
1353 1888 1490 1964 ipse
1518 1888 1579 1950 in
1608 1905 1819 1964 agrum
1849 1888 2139 1950 Boiorum

178 1969 457 2046 legiones
485 1970 742 2034 induxit.
2144 1996 2147 2001 ’

345 2055 670 2117 XXXVIII.
703 2055 830 2118 Sub
855 2055 1020 2116 idem
1043 2056 1173 2117 fere
1195 2063 1439 2133 tempus
1461 2055 1719 2132 Ligures
1743 2057 1880 2132 lege
1902 2065 2141 2118 sacrata

181 2146 397 2205 coacto
428 2140 700 2206 exercitu
724 2146 907 2202 nocte
927 2139 1263 2215 improviso
1290 2147 1493 2202 castra
1518 2140 1584 2215 Q.
1608 2140 1856 2201 Minucii
1880 2157 2141 2218 procon—

180 2225 332 2288 sulis
354 2223 637 2300 adgressi
660 2230 821 2287 sunt.
863 2222 1167 2284 Minucius
1192 2239 1395 2298 usque
1418 2224 1496 2283 ad
1516 2225 1715 2284 lucem
1738 2223 1895 2283 i-ntra
1914 2225 2143 2284 vallum

179 2306 427 2369 militem
468 2306 826 2373 instructum
853 2307 1047 2370 tenuit
1074 2308 1371 2381 intentuS‚
1426 2323 1503 2366 ne
1534 2323 1657 2383 qua
1684 2307 2146 2368 transcenderet

177 2389 378 2455 hostis
419 2393 808 2456 munimenta.
855 2389 1051 2468 prima
1091 2392 1230 2451 luce
1268 2391 1511 2452 duabus
1554 2391 1737 2451 simul
1776 2390 1971 2466 portis
2006 2406 2140 2452 eru-

178 2475 452 2549 ptionem
473 2476 635 2538 feeit.
664 2490 780 2535 nec
802 2473 998 2550 primo
1021 2475 1268 2552 impetu,
1297 2475 1462 2551 quod
1489 2480 1862 2550 speraverat,
1884 2473 2143 2549 Ligures

178 2557 346 2633 pulsi
388 2565 558 2630 sunt;
605 2559 763 2621 duas
805 2559 1069 2634 amplius
1108 2559 1297 2619 horas
1341 2559 1592 2620 dubium
1620 2565 1926 2619 certamen
1960 2558 2143 2619 susti·

179 2657 405 2705 nueree
452 2648 772 2719 ,postremo
808 2657 946 2703 cum
975 2641 1099 2704 alia
1123 2649 1309 2717 atquc
1337 2643 1457 2703 alia
1485 2642 1727 2719 agmina
1754 2651 2145 2718 erumperent

180 2733 241 2786 et
264 2725 485 2800 integri
516 2726 703 2788 fessis
735 2727 1140 2788 succederent
1165 2727 1245 2788 ad
1274 2742 1561 2802 pugnam,
1590 2726 1837 2788 tandem
1866 2727 2142 2803 LigureS‚

178 2810 337 2874 inter
368 2817 573 2870 cetera
601 2809 783 2872 etiam
809 2809 1034 2886 vigiliis
1065 2809 1347 2886 confecti,
1376 2819 1548 2888 terga
1576 2812 1897 2873 dederunt.
1961 2825 2143 2871 caesa

181 2908 374 2968 supra
404 2899 690 2969 quattuor
715 2892 883 2955 milia
916 2894 1210 2967 hostium;
1255 2912 1335 2956 ex
1364 2896 1657 2957 Romanis
1690 2895 2009 2972 sociisque
2034 2892 2144 2953 mi·

181 2992 298 3037 nus
327 2977 580 3038 trecenti
609 2976 941 3053 perierunt.
985 2978 1230 3040 duobus
1253 2981 1383 3040 fere
1404 2985 1549 3055 post
1570 2979 1888 3039 mensibus
1909 2979 1967 3039 P.
1994 2976 2142 3036 Cor-

181 3056 384 3122 nelius
427 3063 641 3122 consul
688 3077 827 3122 cum
852 3061 1148 3122 Boiorum
1176 3062 1451 3123 exercitu
1481 3063 1673 3137 signis
1703 3061 1941 3122 collatis
1970 3075 2140 3136 egre·

181 3143 281 3219 gie
320 3142 633 3221 pugnavit.
699 3145 1144 3219 duodetriginta
1183 3145 1348 3204 milia
1386 3143 1655 3206 hostium
1696 3145 1903 3206 occisa
1928 3142 2143 3205 Antias

181 3225 469 3290 Valerius
499 3226 740 3303 scribit,
785 3235 966 3304 capta
989 3228 1106 3289 trin
1133 3227 1301 3288 milia
1326 3235 1388 3289 et
1415 3229 1927 3304 quadringentos,
1970 3228 2145 3304 signa

183 3310 464 3383 militaria
502 3317 744 3373 centum
786 3312 997 3387 viginti
1040 3317 1356 3388 quattuor,
1398 3326 1599 3388 equos
1641 3310 1804 3373 mille
1843 3313 2148 3374 ducentos

183 3393 456 3471 triginta,
487 3405 778 3472 carpenta
807 3396 1070 3466 ducenta
1099 3395 1507 3474 quadraginta
1535 3403 1803 3472 septem,
1848 3413 1928 3458 ex
1955 3396 2148 3456 victo-

183 3479 356 3541 ribus
408 3480 569 3540 mille
613 3479 1093 3556 quadringentos
1143 3480 1455 3558 octoginta
1497 3488 1783 3558 quattuor
1825 3480 2150 3542 cecidisse.
