2548 3950
541 190 780 285 LIBER’
799 226 1066 286 xxxvi.
1097 186 1278 288 =car.
1308 238 1396 291 44.
1418 240 1506 313 45.
1538 212 1624 308 μ.
1650 240 1714 300 c,
1748 242 1871 307 191]
2050 236 2175 300 259

212 384 350 436 vius
376 373 791 449 indignatione
805 390 1106 437 accensus
1134 379 1441 450 praetoria
1464 394 1621 441 nave
1644 380 1703 442 in
1728 382 1941 443 hostes
1967 386 2173 447 tendit.

208 460 514 519 adversus
544 473 728 531 quam
759 458 974 517 eadem
1003 474 1118 534 spe
1147 460 1323 533 duae,
1358 478 1518 537 quae
1540 462 1831 525 Punicam
1858 483 2041 527 unam
2064 484 2172 530 na-

209 558 350 601 vem
382 540 923 614 circumvenerant,
955 557 1092 602 cum
1121 542 1501 616 inferrentur,
1536 546 1849 608 demittere
1874 566 2080 611 remos
2110 554 2173 611 in
2186 590 2249 619 ...-

214 640 433 700 aquam
462 625 540 683 ab
569 629 834 699 utroque
863 626 1054 683 latere
1070 627 1335 701 remiges
1362 628 1763 691 stabiliendae
1785 632 1959 693 navis
1982 650 2172 695 causa

209 707 416 780 iussit,
449 714 510 766 et
534 705 597 766 in
626 706 1005 768 advenientis
1035 708 1305 770 hostium
1333 728 1522 773 naves
1557 714 1785 773 ferreas
1813 732 2029 777 manus
2056 718 2171 777 ini-

209 807 380 865 cere,
424 797 485 850 et
522 790 628 851 ubi
670 806 940 865 pugnam
991 793 1264 867 pedestri
1302 796 1559 857 similem
1584 798 1921 873 fecissent,
1962 799 2170 861 memi-

209 876 381 935 nisse
409 875 722 947 Romanae
760 872 1002 935 virtutis
1047 890 1162 935 nec
1209 892 1321 951 pro
1366 877 1517 939 viris
1548 880 1775 941 ducere
1802 884 1973 957 regia
2001 898 2170 943 man·

209 959 388 1033 cipia.
459 957 624 1019 haud
668 958 852 1033 paulo
899 959 1138 1020 facilius
1181 977 1364 1035 quam
1404 969 1545 1021 ante
1581 964 1741 1024 duae
1770 981 1985 1040 unam,
2030 974 2171 1027 tunc

209 1059 332 1104 una
359 1041 516 1101 duas
546 1057 737 1101 naves
771 1044 1144 1118 expugnavit
1173 1045 1477 1119 cepitque.
1523 1052 1583 1105 et
1612 1048 1731 1107 iam
1757 1050 1991 1109 classes
2016 1067 2169 1125 quo·
2259 1076 2265 1080 ·

209 1142 331 1203 que
373 1124 646 1200 undique
690 1133 1149 1200 concurrerant,
1193 1136 1254 1188 et
1298 1130 1529 1202 passim
1562 1131 1877 1204 permixtis
1909 1133 2168 1195 navibus

209 1208 613 1286 pugnabatur.
683 1210 1021 1284 Eumenes,
1081 1211 1184 1286 qui
1245 1218 1601 1285 [extremus]
1654 1216 1984 1276 commisso
2037 1232 2167 1277 cer-

205 1295 432 1356 tamine
459 1293 817 1365 advenerat‚
858 1301 926 1353 ut
953 1294 1377 1370 animadvertit
1409 1298 1649 1355 laevum
1680 1313 1873 1358 cornu
1901 1300 2165 1366 hostium

207 1379 284 1439 ab
313 1376 486 1437 Livio
518 1376 852 1452 turbatum,
896 1376 1178 1437 dextrum
1207 1378 1373 1452 ipse,
1416 1379 1522 1439 ubi
1553 1395 1751 1453 aequa
1782 1398 1989 1457 pugna
2018 1391 2163 1454 erat,

207 1461 456 1522 invadit.
527 1459 706 1519 XLV.
771 1476 976 1536 neque
1023 1461 1108 1520 ita
1143 1462 1333 1522 multo
1386 1467 1532 1537 post
1570 1464 1828 1538 primum
1870 1466 1949 1524 ab
1989 1467 2166 1526 laevo

208 1562 403 1607 cornu
444 1546 592 1619 fuga
628 1546 849 1619 coepit.
920 1544 1339 1622 Polyxenidas
1382 1547 1541 1605 enim
1574 1555 1641 1607 ut
1668 1547 1886 1607 virtute
1914 1546 2165 1609 militum

205 1629 370 1691 haud
415 1628 599 1687 dubie
639 1644 709 1687 se
753 1628 1031 1703 superari
1071 1629 1252 1700 vidit,
1298 1628 1553 1689 sublatis
1596 1631 1924 1691 dolonibus
1968 1631 2167 1693 effuse

205 1717 420 1789 fugere
455 1712 744 1789 intendit;
797 1728 945 1773 mox
984 1712 1146 1771 idem
1176 1718 1236 1772 et
1266 1712 1371 1787 qui
1404 1728 1598 1789 prope
1627 1720 1849 1775 terram
1880 1730 2019 1775 cum
2045 1716 2163 1775 Eu·

205 1812 384 1859 *nene
413 1802 844 1857 contraxerant
869 1803 1174 1857 certamen
1205 1797 1500 1858 fecerunt.
1566 1796 1826 1858 Romani
1858 1804 1919 1858 et
1942 1798 2163 1858 Eume·

204 1898 352 1957 nes,
397 1880 606 1955 quoad
645 1878 932 1940 sufficere
968 1880 1232 1955 remiges
1277 1887 1605 1957 potuerunt
1646 1888 1707 1940 et
1746 1882 1806 1939 in
1851 1896 1967 1956 spe
1996 1889 2167 1943 erant

206 1964 462 2028 extremi
504 1963 760 2040 agminis
804 1964 1094 2036 vexandi,
1149 1964 1297 2024 satis
1339 1962 1732 2040 pertinaciter
1774 1964 1969 2025 secuti
2006 1971 2165 2025 sunt.

208 2057 540 2128 postquam
580 2048 887 2110 celeritate
927 2049 1201 2122 navium,
1253 2053 1469 2123 utpote
1510 2051 1766 2125 levium,
1808 2064 1957 2112 suas
2000 2065 2165 2111 com·

206 2141 413 2211 rogatu
454 2141 708 2194 onustas
751 2133 914 2193 eludi
961 2134 1188 2193 frustra
1228 2133 1533 2192 tendentis
1567 2129 1877 2206 viderunt,
1920 2137 2165 2200 tandem

207 2219 588 2290 abstiterunt,
617 2217 908 2276 tredecim
937 2215 1135 2291 captis
1166 2215 1427 2275 navibus
1451 2230 1589 2275 cum
1617 2217 1801 2278 milite
1824 2233 1896 2276 ac
1918 2217 2166 2292 remige,
2194 2227 2203 2232 ’
2284 2227 2291 2237 ·

210 2300 778 2372 decem-demersis.
843 2301 1157 2362 Romanae
1195 2299 1416 2358 classis
1446 2314 1571 2358 una
1598 2299 1825 2359 Punica
1853 2301 2059 2373 naviS‚
2102 2301 2165 2358 in

208 2387 408 2462 primo
440 2383 765 2444 certamine
793 2383 870 2443 ab
903 2384 1142 2443 duabus
1173 2383 1601 2452 circumventa,
1636 2381 1831 2457 periit.
1902 2383 2165 2458 Polyxe-

208 2471 387 2530 nidas
429 2485 550 2529 non
589 2467 760 2543 prius
799 2484 982 2542 quam
1022 2465 1084 2526 in
1116 2472 1299 2541 portu
1326 2467 1557 2542 Ephesi
1585 2467 1763 2540 fugae
1793 2465 1976 2526 finem
2006 2464 2165 2526 fecit.

209 2551 468 2614 Romani
509 2567 586 2611 eo
616 2551 744 2624 die,
788 2552 954 2612 unde
981 2550 1237 2624 egressa
1267 2551 1440 2625 regia
1468 2551 1689 2612 classis
1719 2557 1877 2621 erat,
1924 2563 2166 2608 manse-

208 2643 383 2706 runt;
446 2642 699 2712 postero
742 2633 842 2712 die
880 2635 1121 2694 hostem
1161 2635 1452 2710 persequi
1492 2633 1895 2694 intenderunt.
1962 2633 2166 2692 medio

209 2723 340 2782 fere
385 2719 448 2780 in
491 2735 677 2780 cursu
719 2719 938 2782 obviae
981 2720 1152 2778 fuere
1194 2715 1268 2776 iis
1314 2717 1588 2793 quinque
1632 2723 1692 2777 et
1732 2717 1945 2792 viginti
1974 2723 2169 2776 tectae

207 2804 504 2868 Rhodiae
520 2819 711 2864 naves
743 2817 882 2864 cum
902 2803 1279 2864 Pausistrato
1310 2802 1623 2875 praefecto
1656 2802 1895 2862 classis.
1935 2799 2032 2859 his
2062 2799 2165 2858 ad-

209 2891 464 2960 iunctiS,
517 2887 830 2963 Ephesum
869 2886 1112 2947 hostem
1154 2883 1460 2962 persecuti
1502 2891 1643 2944 ante
1685 2885 1907 2944 ostium
1950 2888 2168 2958 portus

209 2971 347 3032 acie
393 2973 691 3032 instructa
739 2977 1052 3031 steterunt.
1127 2972 1455 3044 postquam
1496 2968 1951 3028 confessionem
1989 2965 2168 3025 victis

211 3056 365 3117 satis
411 3061 880 3130 expresserunt,
920 3053 1146 3114 Rhodii
1189 3057 1248 3110 et
1280 3050 1587 3110 Eumenes
1633 3050 1853 3120 domos
1898 3047 2169 3115 dimissi;

206 3138 469 3200 Romani
501 3137 712 3198 Chium
753 3141 1062 3212 petentes,
1111 3133 1587 3194 Phoenicuntem
1628 3133 1887 3206 primum
1931 3136 2171 3206 portum

205 3207 587 3301 Erythraea‘e
616 3227 817 3280 terrae
845 3213 1277 3296 praetervecti,
1322 3221 1505 3275 nocte
1532 3212 1778 3275 ancoris
1811 3213 2013 3284 iactiS,
2062 3229 2169 3288 po-

211 3313 380 3366 stero
433 3303 532 3366 die
579 3305 643 3363 in
694 3303 954 3366 insulam
1000 3301 1080 3364 ad
1121 3300 1325 3376 ipsam
1366 3299 1579 3358 urbem
1622 3299 2004 3357 traiecerunt.
2065 3295 2173 3356 ubi

208 3405 452 3466 paucos
497 3389 628 3448 dies
671 3389 901 3462 remige
928 3386 1191 3445 maxime
1215 3383 1553 3444 'reficiendo
1584 3381 1800 3442 morati
1826 3380 2174 3442 Phocaeam

207 3474 565 3534 tramittunt.
611 3470 694 3530 ibi
721 3471 946 3530 relictis
978 3469 1056 3529 ad
1085 3467 1461 3545 praesidium
1487 3465 1659 3527 urbis
1684 3472 1971 3541 quattuor
1996 3462 2174 3540 quin-

1659 3552 1767 3613 17*
