2548 3950
650 240 876 301 uena
904 239 1171 319 xxxvl.
1215 240 1498 303 cAP.17.
1543 252 1618 312 μ.
1650 240 1713 300 c.
1742 246 1868 312 ιρι]
2062 320 2071 329 ¹
2109 240 2237 305 237
2324 240 2333 269 1

270 394 496 455 milites
514 438 528 467 ,
558 392 714 453 inter
739 407 855 452 vos
883 406 1031 453 esse
1057 390 1239 453 video
1260 438 1274 463 ,
1308 390 1411 467 qui
1440 390 1501 452 in
1530 392 1645 453 hac
1674 395 1890 455 eadem
1919 398 2255 471 provincia.

261 481 339 539 Τ.
373 472 634 552 Quin-etii
672 474 864 537 ductu
903 472 1311 551 auspicioque
1350 474 1767 538 militaveritis.
1832 475 2234 541 Macedonico

271 562 440 624 bello
479 556 1036 634 inexsuperabilior
1069 559 1265 622 saltus
1302 559 1385 625 ad
1402 575 1647 621 amnem
1674 560 2021 623 Aoumsuit
2050 580 2235 638 quam

272 644 410 708 hic:
465 640 698 719 quippe
723 648 956 718 'portae
995 651 1138 704 sunt
1175 642 1360 715 haee,
1404 651 1467 704 et
1504 660 1663 703 unus
1705 644 1861 707 inter
1890 644 2015 707 duo
2044 646 2237 708 maria

271 727 506 797 clausis
544 724 832 791 omnibus
863 726 1030 787 velut
1057 724 1350 788 naturalis
1376 726 1669 787 transitus
1697 735 1825 799 θεὶς
1865 730 2234 796 munitiones
2414 752 2473 795 ψ,

273 820 340 873 et
369 811 524 875 locis
563 808 1110 886 opportunioribus
1143 816 1295 871 tunc
1322 809 1565 872 fuerunt
1592 818 1653 871 et
1682 806 2011 874 validiores
2038 813 2234 889 impo-

210 960 221 976 ,
274 894 465 965 sitae-3
508 893 814 967 exercitus
855 892 1124 957 hostium
1163 891 1264 952 ille
1305 899 1366 954 et
1392 909 1646 965 numero
1675 894 1870 957 maior
1896 902 1959 955 et
1982 896 2233 957 militum

265 992 505 1055 genere
547 975 858 1053 aliquanto
900 977 1146 1037 meliors
1205 974 1437 1054 quippe
1482 976 1604 1037 illic
1642 977 2020 1045 Macedones
2047 980 2230 1041 Thr-a-

273 1076 511 1137 cesque
549 1068 611 1123 et
645 1062 838 1139 illyrii
873 1067 1078 1135 erant,
1124 1059 1545 1133 ferocissimae
1584 1075 1799 1135 onmes
1839 1069 2087 1138 gentes,
2134 1062 2234 1123 hie

273 1144 425 1224 Syri
452 1150 514 1207 et
537 1144 791 1208 Asiatici
822 1144 1036 1214 Graeci
1067 1152 1224 1217 sunt,
1257 1142 1551 1211 vilissima
1577 1160 1807 1220 genera
1832 1144 2145 1207 homi-num
2173 1154 2236 1211 et

273 1227 556 1293 servi-tuti
595 1235 768 1301 nata3
827 1244 942 1291 rex
983 1228 1084 1288 ille
1123 1226 1659 1301 bellicosissimus,
1702 1226 2073 1291 exercitatus
2113 1231 2233 1291 iam

272 1312 424 1373 inde
445 1312 522 1373 ab
543 1311 790 1375 iuventa
814 1311 1080 1372 finitimis
1097 1310 1397 1371 Thracum
1418 1319 1607 1389 atque
1617 1311 1963 1390 lllyriorum
1986 1320 2048 1374 et
2068 1314 2235 1375 eirca

269 1396 546 1459 omnium
567 1398 915 1469 accolarum
939 1394 1134 1468 belliS,
1155 1394 1272 1468 hic,
1300 1402 1368 1456 ut
1390 1394 1566 1455 aliam
1590 1412 1832 1458 omnem
1854 1396 2038 1457 vitam
2060 1396 2231 1465 omit-

273 1488 416 1554 tam,
446 1480 500 1541 is
529 1480 750 1556 estqui
779 1496 920 1541 cum
944 1480 1019 1541 ad
1043 1476 1427 1539 inferendum
1447 1479 1681 1555 populo
1702 1480 1981 1541 Romano
2005 1478 2233 1541 bellum

271 1580 360 1625 ex
395 1564 548 1625 Asia
584 1562 646 1625 in
683 1564 994 1639 Europam
1031 1562 1385 1637 transisset,
1424 1560 1571 1622 nihil
1608 1561 2063 1625 memorabilius
2103 1559 2231 1625 toto

272 1656 554 1723 tempore
592 1648 985 1717 hibernorum
1025 1644 1318 1721 gesserit,
1360 1662 1545 1721 quam
1587 1648 1755 1723 quod
1784 1647 2010 1711 amoris
2038 1650 2235 1708 causa

269 1746 359 1793 ex
387 1732 572 1799 domo
612 1732 854 1807 privata
881 1737 942 1792 et
968 1729 1215 1792 obscuri
1246 1728 1428 1791 etiam
1453 1728 1611 1791 inter
1636 1730 1959 1806 popularis
1986 1731 2229 1807 generis

269 1830 532 1877 uxorem
561 1816 750 1890 duxit,
781 1823 840 1877 et
868 1830 1070 1875 novus
1099 1815 1382 1888 marituS‚
1408 1814 1574 1875 velut
1602 1814 1917 1889 saginatus
1948 1814 2229 1889 nuptiali-

269 1900 396 1961 bus
423 1900 594 1963 cenis
611 1946 625 1973 ‚
663 1899 748 1961 ad
773 1914 1043 1975 pugnam
1073 1897 1393 1974 processit.
1460 1914 1697 1958 summa
1722 1897 1941 1961 virium
1970 1896 2229 1973 speique
2328 1968 2347 1978 x

271 1984 413 2050 eius
434 1984 496 2045 in
517 1984 752 2046 Aetolis
777 1983 906 2057 fuit,
935 1990 1116 2060 gente
1137 1982 1472 2043 vanissima
1492 1989 1553 2042 et
1572 1981 1998 2058 ingratissima,
2026 1989 2095 2044 ut
2112 1997 2229 2042 vos

272 2067 450 2145 prius
491 2069 728 2143 experti
767 2069 948 2142 estiS,
989 2082 1152 2127 nunc
1178 2065 1520 2127 Antiochus
1551 2066 1877 2142 experitur.
1948 2081 2089 2126 nam
2117 2081 2231 2126 nec

273 2159 697 2214 convenerunt
735 2151 1118 2228 frequentes,
1161 2165 1279 2214 nec
1320 2150 1617 2210 contineri
1655 2150 1718 2210 in
1760 2149 1979 2211 castris
2018 2157 2227 2225 potue-

204 2225 224 2246 ‘
272 2242 434 2309 runt,
457 2242 526 2298 et
550 2234 611 2296 in
641 2235 944 2298 seditione
972 2233 1092 2310 ipsi
1120 2233 1277 2299 inter
1306 2248 1449 2294 sese
1478 2238 1637 2306 sunt,
1668 2240 1732 2294 et
1760 2248 1897 2300 cum
1924 2233 2229 2310 Hypatam

270 2319 566 2382 tuendam
604 2320 1086 2394 Heracleamque
1133 2313 1683 2394 depoposcissent,
1736 2323 2011 2381 neutram
2059 2317 2232 2376 tutati

271 2403 632 2480 refugerunt
669 2403 733 2464 in
759 2401 904 2479 iuga
943 2402 1266 2476 montium,
1306 2417 1453 2476 pars
1482 2401 1819 2462 Heracleae
1850 2400 2233 2470 incluserunt

273 2501 441 2550 sese.
512 2503 625 2548 rex
669 2487 806 2564 ipse
855 2487 1182 2550 confessus
1227 2500 1537 2561 nusquam
1584 2500 1785 2560 aequo
1838 2498 2055 2557 campo
2108 2500 2231 2545 non

271 2571 462 2632 modo
505 2571 798 2648 congredi
827 2585 898 2632 se
918 2571 1007 2642 ad
1035 2585 1303 2646 pugnam
1330 2568 1587 2644 audere,
1618 2568 1733 2630 sed
1761 2583 1839 2631 ne
1863 2574 2073 2635 ,castra
2098 2567 2229 2642 qui-

275 2655 421 2718 dem
459 2655 520 2716 in
561 2662 776 2732 aperto
817 2669 1080 2730 ponere,
1121 2652 1333 2716 relicta
1374 2650 1539 2716 omni
1578 2658 1717 2714 ante
1759 2667 1831 2712 se
1856 2649 2109 2726 reg-ione
2138 2665 2232 2724 ea,

277 2755 468 2814 quam
495 2754 570 2800 se
593 2738 772 2802 nohis
803 2754 876 2799 ac
898 2737 1178 2814 Philippo
1211 2735 1519 2803 ademisse
1542 2736 1933 2812 gloriabatur,
1962 2735 2235 2796 condidit

277 2837 354 2884 se
383 2822 539 2891 intra
564 2839 772 2900 rupea
804 2838 883 2884 ne
910 2827 1052 2895 ame
1079 2823 1293 2887 fauces
1323 2821 1569 2897 quidem
1596 2821 1805 2895 saltuS,
1832 2827 1901 2882 ut
1924 2819 2229 2894 quondam

273 2905 800 2973 Lacedaemonios
839 2906 1002 2968 fama
1043 2912 1168 2981 est,
1215 2904 1331 2968 sed
1372 2905 1530 2966 intra
1556 2905 1798 2980 penitus
1827 2903 2101 2965 retractis
2134 2917 2227 2962 ca·
2260 2941 2263 2943 Α

275 2990 457 3061 sti-183
516 2991 684 3068 quod
727 2997 1020 3067 quantum
1058 2988 1311 3050 interest
1352 2989 1432 3049 ad
1463 2989 1739 3048 timorem
1766 2986 2231 3058 ostendendum,

278 3089 360 3134 an
388 3075 577 3138 muris
617 3074 876 3137 alicuius
917 3073 1084 3137 urbis
1115 3072 1523 3134 obsidendum
1552 3086 1696 3133 sese
1722 3069 2079 3131 incluserit?
2122 3068 2234 3128 sed

277 3172 486 3234 neque
513 3158 880 3222 Antiochum
918 3157 1248 3220 tuebuntur
1276 3154 1623 3230 angustiae,
1666 3169 1783 3215 nec
1812 3153 2070 3214 Aetolos
2098 3167 2233 3210 ver-

273 3241 433 3304 tices
474 3241 560 3302 illi
603 3259 763 3318 quos
804 3249 1116 3320 ceperunt.
1187 3237 1338 3302 satis
1377 3238 1653 3315 undique
1693 3237 2010 3314 provisum
2051 3242 2233 3310 atque

277 3332 675 3401 praecautum
717 3334 842 3402 est,
885 3343 964 3388 ne
1002 3325 1150 3404 quid
1191 3324 1493 3386 adversus
1524 3339 1638 3384 vos
1667 3322 1728 3382 in
1759 3336 1965 3397 pugna
1992 3325 2235 3394 praeter

278 3408 476 3474 hostis
506 3417 696 3472 esset.
757 3411 909 3473 illud
949 3424 1297 3487 proponere
1328 3407 1527 3469 animo
1558 3413 1766 3468 vestro
1798 3403 2063 3478 debetis,
2110 3418 2232 3463 non

280 3507 395 3562 vos
422 3510 534 3574 pro
562 3493 853 3556 Graeciae
877 3495 1152 3556 libertate
1179 3501 1411 3555 tantum
1438 3490 1745 3566 dimicare,
1784 3503 2153 3568 quamquam
2181 3485 2236 3545 is
