2548 3950
531 220 762 281 Lissa
789 220 1028 281 xxxv.
1075 181 1242 281 ¹cap.
1271 228 1360 283 33.
1384 228 1469 283 34.
1517 227 1591 295 [a.
1618 228 1684 286 c.
1711 230 1835 296 192]
2041 224 2163 288 205

193 378 498 454 populum
525 377 865 437 Romanum
907 391 1043 435 cum
1078 375 1415 450 Antiocho,
1460 376 1694 437 lanistis
1722 378 1993 456 Aetolis,
2038 396 2158 441 non

195 463 333 522 sine
375 475 596 534 magno
637 466 805 521 motu
844 458 1086 533 generis
1145 458 1391 519 humani
1442 466 1502 520 et
1550 460 1821 538 pernicie
1866 462 2160 525 Graeciae

192 545 531 605 dimicare?
597 556 708 603 nec
758 543 916 603 ullos
967 542 1138 617 prius
1194 542 1431 603 cladem
1482 543 1614 604 eius
1665 543 1809 604 belli
1860 561 2157 609 sensuros

193 644 383 703 quam
428 628 533 701 qui
571 627 926 687 movissent.
993 625 1145 685 haec
1187 626 1561 702 nequiquam
1602 626 1767 689 velut
1796 628 2156 691 vaticinatus

191 714 530 773 Romanus.
574 711 776 771 Thoas
806 709 1030 770 deinde
1059 711 1370 785 ceterique
1399 710 1680 772 factionis
1711 711 1989 773 eiusdem
2019 729 2158 774 cum

192 796 470 855 adsensu
501 795 768 855 omnium
797 792 1433 868 auditipervicerunt,
1478 801 1543 855 ut
1582 810 1660 855 ne
1691 795 1877 857 dilato
1911 798 2157 872 quidem

194 880 459 939 coneilio
486 885 547 938 et
568 877 926 938 absentibus
941 876 1234 937 Romanis
1257 876 1569 938 decretum
1592 879 1783 952 fieret,
1802 896 1924 954 quo
1951 896 2155 942 arces-

190 970 436 1023 seretur
455 960 797 1022 Antiochus
821 961 901 1021 ad
922 959 1298 1021 liberandam
1323 960 1638 1022 Graeciam
1660 962 2155 1039 disceptandum·

190 1062 318 1121 que
351 1046 503 1106 inter
523 1046 781 1107 Aetolos
811 1051 870 1104 et
895 1045 1230 1105 Romanos.
1276 1042 1415 1104 huic
1452 1050 1572 1106 tam
1601 1045 1873 1121 superbo
1906 1047 2155 1110 decreto

189 1130 433 1190 addidit
455 1129 762 1205 propriam
784 1128 1210 1189 contumeliam
1231 1128 1619 1190 Damocritus
1652 1136 1900 1205 praetor
1921 1145 2154 1192 eorum.

188 1230 338 1273 nam
368 1228 506 1274 cum
527 1213 590 1272 id
614 1213 817 1287 ipsum
841 1212 1151 1273 decretum
1177 1218 1467 1287 posceret
1488 1228 1627 1273 eum
1651 1212 1997 1290 QuinctiuS‚
2029 1232 2153 1276 non

186 1297 423 1358 veritus
455 1296 830 1357 maiestatem
859 1296 972 1355 viri
1013 1296 1175 1356 aliud
1217 1295 1279 1356 in
1323 1298 1701 1373 praesentia,
1747 1297 1917 1372 quod
1956 1300 2153 1374 magis

186 1383 465 1454 instaret,
492 1380 1004 1455 praevertendum
1025 1378 1142 1440 sibi
1174 1393 1320 1439 esse
1343 1378 1526 1441 dixit=
1558 1381 1870 1441 decretum
1893 1396 2154 1457 respon·

186 1481 459 1541 sumque
489 1465 547 1523 in
579 1463 746 1523 Italia
773 1462 944 1524 brevi
975 1462 1192 1523 castris
1223 1478 1415 1538 super
1444 1463 1641 1541 ripam
1667 1464 1903 1524 Tiberis
1936 1464 2155 1541 positis

187 1551 498 1611 daturum.
560 1554 760 1609 tantus
805 1548 974 1608 furor
1013 1546 1116 1609 illo
1166 1552 1443 1622 tempore
1492 1556 1733 1622 gentem
1772 1549 2150 1623 Aetolorum,

187 1641 524 1707 tantusque
551 1631 938 1706 magistratus
975 1645 1189 1691 eorum
1218 1631 1397 1705 cepit.

362 1715 629 1776 XXXIV.
696 1714 1008 1788 Quinctius
1059 1714 1369 1791 legatique
1420 1714 1769 1778 Corinthum
1819 1718 2149 1778 redierunt.

186 1802 368 1872 inde,
400 1808 469 1860 ut
497 1798 561 1838 *⁴¹
593 1814 877 1875 quaeque
907 1799 984 1859 de
1012 1798 1349 1872 Antiocho,
1396 1799 1541 1860 nihil
1583 1814 1694 1875 per
1736 1816 1806 1861 se
1838 1801 1955 1898 ipsi
1985 1802 2149 1875 moti,

186 1893 249 1945 et
279 1884 571 1943 sedentes
615 1891 980 1981 exspectare
1022 1883 1348 1944 adventum
1383 1884 1736 1944 viderentur
1764 1885 1961 1959 regis,
2007 1901 2153 1947 con·

186 1970 394 2031 cilium
442 1967 688 2044 quidem
729 1968 1052 2028 universae
1092 1967 1293 2043 gentis
1335 1975 1479 2041 post
1518 1966 1810 2030 dimissos
1840 1969 2153 2056 Romanos

186 2069 313 2114 non
358 2052 727 2127 habuerunt,
772 2068 911 2128 per
923 2053 1239 2128 apocletos
1280 2057 1482 2112 autem
1510 2084 1596 2095 --
1625 2050 1708 2112 ita
1745 2059 1973 2114 vocant
2012 2069 2153 2114 san-

187 2139 353 2198 ctius
385 2135 741 2197 consilium·
785 2151 864 2197 ex
895 2135 1149 2196 delectis
1181 2141 1423 2195 constat
1453 2134 1598 2195 viris
1620 2166 1709 2180 --
1734 2134 1801 2195 id
1830 2136 2154 2211 agitabant,

189 2235 466 2297 quonam
507 2220 689 2281 modo
745 2218 805 2279 in
852 2219 1109 2280 Graecia
1155 2234 1258 2279 res
1312 2224 1699 2280 novarentur.
1766 2219 1923 2278 inter
1961 2219 2157 2280 omnis

189 2303 518 2366 constabat
557 2305 618 2364 in
659 2303 1001 2364 civitatibus
1044 2300 1359 2378 principes
1410 2309 1471 2362 et
1512 2301 1805 2375 optimum
1850 2317 2160 2378 quemque

186 2391 508 2450 Romanae
538 2387 848 2448 societatis
878 2402 1023 2446 csse
1051 2393 1112 2446 et
1142 2385 1450 2462 praesenti
1480 2390 1643 2445 statu
1667 2385 1965 2460 gaudere,
2008 2386 2159 2446 mul-

188 2472 513 2533 titudinem
541 2479 601 2532 et
626 2487 887 2548 quorum
916 2486 1017 2530 res
1047 2486 1172 2531 non
1201 2485 1283 2530 ex
1313 2469 1613 2530 sententia
1641 2469 1920 2544 ipsorum
1950 2476 2162 2531 essent

188 2557 402 2619 omnia
425 2571 654 2617 novare
678 2556 853 2615 velle.
897 2555 1099 2615 Aetoli
1125 2554 1447 2615 consilium
1470 2567 1597 2616 uno
1622 2552 1722 2613 die
1743 2553 1879 2630 spei
1907 2569 2160 2630 quoque

190 2658 320 2703 non
355 2640 608 2702 audacis
637 2639 821 2701 modo
846 2640 960 2700 sed
983 2639 1165 2700 etiam
1186 2636 1558 2714 impudentis
1584 2643 1909 2714 ceperunt,
1942 2638 2155 2699 Deme-

190 2724 455 2784 triadem
486 2723 833 2784 Chalcidem
860 2722 1390 2784 Lacedaemonem
1418 2721 1785 2798 occupandi.
1844 2722 2069 2799 singuli
2100 2723 2161 2783 in

189 2809 469 2882 singulas
501 2807 808 2883 principes
849 2806 1021 2867 missi
1064 2815 1235 2881 sunt,
1276 2805 1479 2867 Thoas
1512 2805 1889 2880 Chalcidem,
1934 2808 2162 2868 Alexa·

189 2907 411 2953 menus
433 2890 959 2952 Lacedaemonem
973 2936 988 2964 ,
1011 2890 1259 2952 Diocles
1278 2891 1748 2952 Demetriadem.
1793 2891 1957 2952 hunc
1982 2892 2164 2952 exsul

188 2975 617 3051 Eurylochus,
662 2974 741 3035 de
782 2976 956 3037 cuius
999 2976 1146 3050 fuga
1187 2990 1505 3051 causaque
1550 2976 1733 3049 fugae
1764 2981 1904 3035 ante
1934 2974 2164 3035 dictum

191 3066 321 3134 est,
365 3058 509 3135 quia
536 3058 766 3118 reditus
800 3059 859 3118 in
891 3059 1147 3134 patriam
1179 3059 1346 3118 nulla
1376 3059 1495 3118 alia
1523 3064 1655 3118 erat
1682 3073 1866 3133 speS,
1912 3057 2164 3118 adiuvit.

190 3144 409 3204 litteris
458 3142 796 3221 Eurylochi
846 3142 1138 3204 admoniti
1204 3141 1539 3218 propinqui
1590 3139 1896 3216 amicique
1946 3147 2007 3199 et
2058 3140 2164 3217 qui

191 3226 471 3288 eiusdem
516 3226 797 3287 factionis
841 3232 1041 3298 erant,
1103 3225 1334 3285 liberos
1385 3231 1446 3285 et
1486 3224 1809 3298 coniugem
1849 3224 1981 3284 eius
2024 3240 2164 3286 cum

191 3311 449 3373 sordida
480 3316 653 3370 veste
684 3309 768 3384 **,
799 3316 1076 3371 tenentes
1107 3309 1452 3370 velamenta
1480 3306 1883 3384 supplicium,
1928 3308 2163 3371 contio-

193 3411 335 3455 nem
389 3395 770 3470 frequentem
821 3393 1097 3455 adierunt
1155 3392 1435 3468 singulos
1485 3390 1940 3469 universosque
1990 3392 2161 3454 obte-

194 3485 433 3539 stantes
450 3525 464 3549 ,
499 3492 575 3536 ne
606 3478 908 3538 insontem
938 3477 1351 3539 indemnatum
1376 3491 1827 3538 consenescere
1848 3475 1911 3536 in
1935 3474 2155 3537 exsilio
