2548 3950
302 221 388 285 58
617 219 848 284 LIBER
877 213 1112 278 XXXII.
1161 216 1325 276 CAP.
1360 225 1444 276 14.
1470 224 1555 277 15.
1602 221 1673 288 [a.
1699 221 1768 274 U.
1792 237 1840 272 c.
1862 220 1989 287 554]

303 389 448 434 sese
489 372 597 448 qui
626 371 900 446 Argenta
941 369 1172 444 quique
1199 365 1545 427 Pherinium
1576 372 1636 424 et
1661 365 2054 426 Timarum-et
2077 364 2265 444 Ligy-

297 473 411 517 nas
455 463 517 517 et
558 453 895 516 Stimonem
939 461 1000 513 et
1037 452 1371 526 Lampsum
1420 450 1674 524 habent,
1725 449 1967 524 aliaque
2012 452 2267 510 castella

297 540 468 602 iuxta
495 538 804 613 ignobilia.

466 623 623 682 Dum
669 621 1045 682 Athamanes
1100 618 1432 693 Aetolique
1489 624 1793 678 summoto
1855 616 2265 679 Macedonum

297 717 458 767 metu
487 707 548 766 in
577 707 777 766 aliena
804 704 1064 768 victoria
1093 718 1270 764 suam
1298 701 1593 777 praedam
1622 699 1876 774 faciunt,
1918 701 2263 762 Thessalia-

299 807 422 868 que
463 791 542 850 ab
582 788 778 851 tribus
829 788 1010 850 simul
1059 786 1428 847 exercitibus
1441 830 1458 859 ,
1510 786 1743 846 incerta
1791 799 1973 860 quem
2008 785 2264 848 hostem

296 891 565 952 quemve
593 874 832 934 socium
861 873 1170 943 crederet,
1202 876 1509 945 vastatur,
1540 870 1755 930 consul
1789 869 2071 932 faucibus
2103 885 2260 946 quas

297 961 443 1034 fuga
479 958 747 1019 hostium
789 963 1116 1032 aperuerat
1157 955 1218 1014 in
1261 955 1577 1028 regionem
1600 953 1772 1030 Epiri
1812 960 2260 1031 transgressae,

295 1043 411 1104 etsi
443 1043 638 1118 probe
668 1043 786 1102 scit
806 1088 823 1116 ,
871 1039 971 1104 cui
1006 1039 1164 1118 parti
1202 1039 1486 1112 Charopo
1516 1037 1797 1113 principe
1826 1045 2087 1113 excepto
2116 1039 2261 1114 Epi·

295 1135 469 1188 rotae
508 1126 837 1199 favissent,
867 1132 1070 1185 tamen
1101 1123 1246 1197 quia
1273 1122 1351 1181 ab
1369 1121 1802 1182 ‘satisfaciendi
1837 1139 2085 1198 quoque
2114 1138 2264 1184 cura

295 1211 596 1287 imperata
629 1209 808 1269 enixe
837 1209 1046 1267 facere
1073 1206 1253 1280 videt,
1280 1221 1359 1264 ex
1380 1206 1690 1280 praesenti
1712 1221 1823 1266 eos
1849 1206 2054 1280 potius
2079 1223 2259 1282 quam

295 1310 377 1354 ex
409 1293 737 1369 praeterito
768 1291 1048 1352 aestimat
1079 1291 1289 1350 habitu
1303 1337 1317 1364 ,
1368 1297 1428 1350 et
1456 1305 1531 1350 ea
1557 1291 1698 1364 ipsa
1730 1289 2017 1351 facilitate
2042 1293 2263 1352 veniae

293 1379 535 1438 animos
579 1393 791 1438 eorum
819 1377 881 1435 in
909 1381 1230 1451 posterum
1257 1373 1559 1434 conciliat.
1616 1374 1823 1434 missis
1854 1374 2081 1435 deinde
2108 1393 2259 1437 nun·

295 1463 395 1521 tiis
428 1462 779 1539 Corcyram,
809 1466 879 1521 ut
912 1459 1234 1520 onerariae
1264 1474 1457 1519 naves
1487 1457 1549 1516 in
1580 1458 1781 1518 sinum
1810 1459 2088 1519 venirent
2114 1461 2259 1520 Am·

294 1545 597 1618 bracium,
641 1545 779 1620 ipse
824 1559 1194 1620 progressus
1239 1541 1499 1604 modicis
1541 1542 1858 1602 itineribus
1902 1551 2121 1618 quarto
2161 1544 2261 1605 die

297 1630 358 1691 in
387 1635 594 1688 monte
625 1627 895 1688 Cercetio
925 1626 1136 1702 posuit
1163 1623 1395 1699 castra,
1437 1625 1660 1686 eodem
1686 1627 2090 1705 Amynandro
2123 1644 2261 1688 cum

296 1715 428 1774 suis
467 1711 710 1772 auxiliis
740 1710 966 1785 accito,
999 1725 1124 1770 non
1155 1717 1279 1770 tam
1306 1709 1526 1770 virium
1562 1711 1695 1770 eius
1726 1725 1948 1785 egens,
1981 1726 2167 1788 quam
2194 1721 2263 1772 ut

303 1797 490 1860 duces
519 1794 582 1854 in
609 1794 989 1856 Thessaliam
1017 1794 1290 1854 haberet.
1343 1794 1420 1853 ab
1451 1794 1670 1854 eodem
1702 1795 1958 1857 consilio
1990 1802 2053 1855 et
2078 1797 2259 1871 pleri-

197 1873 202 1877 ’
301 1890 422 1956 que
447 1878 839 1955 Epirotarum
865 1876 1190 1938 voluntarii
1219 1876 1377 1937 inter
1407 1877 1633 1938 auxilia
1662 1881 1917 1953 accepti.
1960 1880 2093 1940 XV.
2138 1881 2262 1954 pri-

297 1980 459 2025 mam
509 1963 749 2024 urbium
791 1961 1146 2023 Thessaliae
1192 1961 1537 2022 Phaloriam
1577 1968 1675 2022 est
1712 1962 2068 2039 adgressus.
2136 1965 2261 2025 duo

297 2049 463 2109 milia
481 2047 889 2108 Macedonum
919 2048 979 2106 in
1010 2046 1321 2121 praesidio
1351 2045 1633 2118 habebat,
1668 2047 1773 2121 qui
1800 2048 2000 2123 primo
2023 2064 2261 2111 summa

296 2134 358 2192 vi
387 2131 756 2204 restiterunt,
789 2137 1082 2206 quantum
1111 2144 1298 2201 arma,
1332 2132 1623 2205 quantum
1646 2132 1891 2192 moenia
1911 2132 2067 2193 tueri
2087 2140 2261 2207 pote·

296 2223 448 2276 rant.
483 2214 598 2277 sed
624 2216 1000 2289 oppugnatio
1027 2214 1333 2287 continua,
1356 2230 1482 2275 non
1507 2219 1686 2275 nocte
1708 2230 1834 2274 non
1859 2216 1960 2276 die
1980 2217 2259 2292 remissa,

298 2316 440 2360 cum
485 2301 705 2375 consul
747 2300 809 2359 in
840 2314 916 2359 eo
961 2298 1116 2358 verti
1147 2297 1426 2358 crederet
1455 2304 1795 2359 ceterorum
1824 2299 2261 2362 Thessalorum

297 2384 566 2457 animoa,
611 2385 666 2443 si
707 2383 884 2457 primi
925 2382 1048 2441 vim
1075 2382 1415 2442 Romanam
1453 2398 1576 2442 non
1608 2383 2077 2456 sustinuissent,
2116 2386 2264 2446 vicit

299 2468 697 2542 pertinaciam
725 2465 1152 2525 Macedonum.
1221 2473 1403 2539 capta
1426 2464 1710 2525 Phaloria
1748 2468 1931 2541 legati
1972 2484 2008 2527 a
2033 2468 2260 2529 Metro-

297 2551 427 2627 poli
469 2557 530 2610 et
569 2564 606 2605 a
631 2546 828 2608 Cierio
853 2548 1151 2608 dedentes
1193 2549 1380 2609 urbes
1420 2558 1737 2610 venerunt.
1806 2552 1987 2611 venia
2026 2553 2261 2611 eisdem

297 2634 646 2709 petentibus
693 2633 888 2692 datur.
953 2630 1233 2692 Phaloria
1276 2632 1530 2693 incensa
1574 2649 1645 2693 ac
1675 2633 1921 2709 direpta·
1939 2643 2051 2697 est.
2116 2634 2263 2697 inde

297 2717 624 2791 Aeginium
663 2718 830 2791 petit,
899 2731 1081 2791 quem
1119 2716 1325 2778 locum
1366 2732 1503 2777 cum
1543 2719 1641 2776 vel
1672 2718 1915 2779 modico
1945 2720 2259 2794 praesidio

297 2808 494 2861 tutum
533 2817 607 2859 ac
648 2814 846 2875 prope
888 2800 1425 2875 inexpugnabilem
1466 2800 1753 2875 vidisset,
1796 2804 2015 2877 paucis
2044 2804 2105 2863 in
2134 2811 2259 2864 sta-

296 2885 524 2945 tionem
554 2884 896 2959 proximam
919 2884 1055 2943 telis
1085 2885 1377 2946 coniectis
1402 2886 1483 2945 ad
1506 2884 1923 2967 Gomphorum
1944 2888 2262 2961 regionem

295 2982 516 3045 agmen
556 2967 754 3029 vertit.
820 2968 1281 3045 degressusque
1318 2968 1382 3028 in
1411 2966 1675 3045 campos
1694 2968 2076 3047 Thessaliae,
2120 2987 2261 3031 cum

297 3054 417 3113 iam
459 3053 664 3116 omnia
703 3052 999 3113 exercitui
1041 3052 1364 3127 deessent,
1420 3053 1566 3129 quia
1604 3053 1995 3129 Epirotarum
2033 3070 2256 3131 peper—

295 3144 468 3198 cerat
507 3137 705 3213 agris,
745 3136 1066 3212 explorato
1109 3144 1280 3209 ante,
1320 3144 1522 3197 utrum
1547 3136 1894 3199 Leucadem
1936 3155 2014 3199 an
2056 3139 2260 3202 sinum

297 3222 691 3282 Ambracium
741 3220 1061 3280 onerariae
1108 3219 1477 3295 tenuissent,
1530 3221 1955 3283 frumentatum
1997 3223 2259 3282 Ambra-

297 3304 456 3364 ciam
481 3305 542 3365 in
571 3305 772 3365 vicem
803 3304 1089 3364 cohortes
1117 3303 1301 3364 misit.
1364 3312 1426 3365 et
1453 3312 1549 3365 est
1579 3306 1690 3367 iter
1717 3320 1753 3365 a
1784 3304 2081 3381 Gomphis
2108 3308 2261 3365 Am·

296 3388 567 3449 braciam
606 3388 764 3448 sicut
802 3386 1158 3463 impeditum
1186 3403 1258 3448 ac
1289 3388 1563 3460 difficile,
1610 3389 1691 3449 ita
1720 3389 1921 3464 spatio
1952 3390 2263 3465 perbrevi.

299 3467 460 3530 intra
493 3486 733 3532 paucos
774 3469 986 3546 itaque
1014 3470 1147 3531 dies
1176 3471 1539 3532 transvectis
1568 3488 1608 3532 a
1637 3472 1787 3533 mari
1818 3473 2258 3535 commeatibus
