2548 3950
516 210 746 271 LIBER
772 209 1096 269 XXXVHI.
1140 208 1308 271 CAP.
1338 218 1536 273 26.27.
1562 218 1648 271 28.
1697 214 2009 283 [a.0.189]
2124 208 2248 271 343

278 364 545 435 ῖιειοῑοε,
590 359 730 436 quia
776 359 890 420 etsi
919 375 1042 419 non
1071 360 1193 435 ipsi
1223 357 1366 420 victi
1396 367 1596 433 erant,
1641 374 1794 419 suae
1822 361 2020 434 gentis
2055 360 2247 421 homi-

283 462 429 507 num
470 444 709 504 cladem
749 460 865 519 pro
907 458 1023 504 sua
1062 442 1389 504 ducebant.
1460 442 1668 517 itaque
1709 458 1746 501 a
1772 443 2027 517 paribus
2065 444 2248 505 initiis

280 535 507 603 coepta
527 543 630 588 res
645 527 909 586 eundem
932 524 1159 587 exitum
1180 526 1411 586 habuit.
1440 527 1607 587 velut
1628 526 1824 587 nubes
1849 527 2074 587 levium
2097 530 2217 589 telo

282 629 416 673 rum
459 610 738 672 coniecta
765 610 967 670 obruit
994 609 1189 670 aciem
1220 608 1551 671 Gallorum.
1607 625 1721 669 nec
1749 616 1854 670 aut
1881 626 2247 685 procurrere

281 690 615 773 quisquam
643 693 722 754 ab
752 694 1072 755 ordinibus
1102 693 1253 766 suis,
1286 707 1365 752 ne
1394 694 1698 779 nudarent
1723 694 1996 768 undique
2019 709 2246 769 corpus

278 780 365 839 ad
393 779 579 853 ictuS,
625 777 961 851 audebant,
1004 784 1064 837 et
1091 784 1354 850 stanteS,
1386 770 1510 853 quo
1542 778 1863 839 densiores
1893 785 2095 852 erant,
2127 778 2248 839 hoc

284 865 495 939 plura,
537 863 705 921 velut
734 858 1103 921 destinatum
1132 859 1510 936 petentibus,
1552 863 1808 922 vulnera
1843 823 2244 937 accipiebant.

281 948 503 1007 consul
545 946 666 1005 iam
695 960 808 1022 per
835 959 907 1005 se
939 945 1192 1019 turbatis
1222 944 1277 1004 si
1305 945 1614 1019 legionum
1645 945 1822 1019 signa
1851 944 2244 1021 ostendisset,

280 1045 577 1091 versuros
628 1029 938 1105 extemplo
979 1031 1038 1089 in
1082 1029 1288 1103 rugam
1329 1026 1530 1088 omnis
1569 1033 1740 1088 ratus
1778 1028 2046 1105 receptis
2091 1030 2248 1091 iuter

278 1113 532 1173 ordines
560 1112 845 1175 velitibus
873 1118 936 1173 et
960 1114 1081 1175 alia
1108 1112 1288 1173 turba
1317 1111 1682 1173 auxiliorum
1704 1113 1899 1173 aciem
1922 1113 2245 1190 promovit.

282 1197 521 1256 XXVII.
584 1195 737 1255 Galli
778 1203 839 1256 et
881 1194 1178 1257 memoria
1202 1194 1762 1270 Tolistobogiorum
1803 1196 1996 1257 cladis
2035 1195 2245 1271 territi,

280 1288 345 1339 et
371 1278 746 1339 inhae1entia
775 1280 1141 1354 corporibus
1168 1280 1436 1355 gerentis
1465 1280 1605 1353 tela,
1634 1280 1911 1356 fessique
1940 1286 2002 1342 et
2023 1280 2244 1341 stando

278 1372 345 1424 et
379 1362 767 1437 vulneribuS,
810 1378 889 1421 ne
925 1364 1187 1441 primum
1233 1364 1480 1439 quidem
1509 1363 1800 1438 impetum
1829 1372 1889 1424 et
1917 1364 2246 1424 clamorem

280 1447 700 1509 Romanorum
729 1448 1009 1506 tulerunt.
1056 1448 1202 1522 fuga
1229 1447 1310 1506 ad
1334 1454 1535 1507 castra
1558 1446 1883 1507 inclinavit.
1929 1447 2037 1506 sed
2066 1448 2246 1521 pauci

280 1532 439 1591 intra
466 1530 835 1592 munimenta
864 1544 1008 1590 sese
1035 1546 1361 1626 recepere·
1405 1546 1554 1606 pars
1583 1532 1777 1591 maior
1799 1532 2016 1592 dextra
2041 1533 2244 1591 laeva-

281 1630 406 1689 que
439 1613 709 1688 praelati,
745 1628 867 1689 qua
897 1628 1203 1688 quemque
1230 1613 1494 1688 impetus
1523 1615 1672 1688 tulit,
1707 1616 2008 1690 fugerunt.
2054 1614 2244 1675 vieto-

284 1712 388 1757 res
428 1711 631 1771 usque
671 1696 751 1755 ad
795 1703 997 1757 castra
1036 1694 1234 1757 secuti
1276 1697 1628 1759 ceciderunt
1661 1706 1862 1773 terga3
1921 1697 2143 1759 deinde
2181 1698 2244 1758 in

280 1779 507 1841 castris
531 1779 864 1855 cupiditate
882 1780 1154 1855 praedae
1168 1780 1515 1854 haeserunt,
1539 1796 1656 1842 nec
1681 1782 2054 1858 sequebatur
2075 1782 2243 1857 quis-

280 1878 486 1939 quam.
539 1863 601 1923 in
630 1863 922 1925 cornibus
955 1864 1107 1925 Galli
1142 1864 1369 1926 diutius
1401 1872 1726 1938 steterunt,
1763 1868 1906 1941 quia
1935 1867 2144 1926 serius
2165 1866 2245 1925 ad

276 1963 392 2010 eos
437 1952 799 2024 perventum
840 1955 962 2009 est=
1022 1956 1293 2010 ceterum
1333 1964 1413 2009 ne
1461 1948 1721 2024 primum
1763 1950 2009 2024 quidem
2040 1947 2244 2009 conie-

277 2040 442 2092 ctum
474 2033 731 2094 telorum
760 2033 1044 2092 tulerunt.
1092 2031 1310 2092 consul
1340 2029 1486 2106 quia
1513 2032 1832 2106 ingressos
1855 2031 1915 2090 in
1941 2037 2144 2092 castra
2166 2030 2244 2090 ab

275 2116 625 2190 direptione
666 2113 1022 2174 abstrahere
1064 2130 1186 2174 non
1230 2120 1502 2191 poterat,
1544 2130 1658 2176 eos
1702 2115 1806 2190 qui
1847 2113 1910 2175 in
1953 2113 2242 2176 cornibus

278 2201 525 2260 fuerant
564 2198 842 2273 protinus
873 2197 950 2256 ad
982 2199 1338 2271 sequendos
1368 2198 1567 2260 hostis
1596 2199 1775 2259 misit.
1831 2213 1942 2274 per
1968 2195 2242 2274 aliquan-

279 2291 405 2343 tum
448 2281 746 2376 spatium
755 2281 951 2343 secuti
992 2297 1114 2342 non
1155 2283 1296 2357 plus
1337 2289 1540 2342 tamen
1570 2289 1711 2344 octo
1741 2281 1904 2341 milia
1929 2281 2243 2344 hominum

278 2365 342 2426 in
392 2367 541 2442 fuga
567 2401 650 2410 —-—
680 2381 820 2426 nam
870 2380 1079 2441 pugna
1128 2367 1297 2426 nulla
1338 2365 1448 2428 suit
1472 2399 1558 2410 —
1589 2364 1967 2426 ceciderunt·
2023 2365 2242 2444 reliqui

278 2449 507 2510 flumen
554 2450 753 2526 Halyn
805 2450 1189 2510 traiecerunt.
1257 2451 1673 2512 Romanorum
1720 2465 1868 2523 pars
1909 2465 2129 2525 magna
2169 2465 2244 2510 ea

282 2541 465 2594 nocte
515 2533 573 2593 in
616 2533 886 2595 hostium
927 2533 1145 2593 castris
1191 2533 1446 2604 mansit3
1501 2539 1744 2594 ceteros
1788 2534 1848 2592 in
1891 2549 2008 2594 sua
2044 2540 2245 2594 castra

278 2619 501 2678 consul
530 2618 793 2679 reduxit.
858 2621 1109 2692 postero
1140 2615 1243 2678 die
1271 2618 1550 2694 captivos
1579 2617 2002 2698 praedamque
2029 2631 2242 2677 recen·

274 2699 433 2771 suit;
479 2717 637 2776 quae
675 2708 845 2762 tanta
873 2701 1011 2775 fuit,
1056 2708 1344 2777 quantam
1373 2700 1730 2762 avidissima
1756 2698 2040 2778 rapiendi
2066 2714 2244 2776 gem,

274 2801 419 2846 cum
464 2785 554 2846 cis
596 2793 862 2847 montem
890 2786 1153 2846 Taurum
1195 2785 1399 2846 omnia
1439 2785 1623 2846 armis
1654 2782 1766 2861 per
1791 2786 2016 2848 multos
2044 2799 2246 2846 annos

281 2867 606 2945 tenuisset,
651 2884 1022 2930 coacervare
1062 2870 1277 2945 potuit.
1355 2870 1510 2932 Galli
1550 2885 1629 2930 ex
1670 2869 1968 2946 dissipata
2010 2869 2240 2944 passim

278 2952 426 3026 ruga
466 2951 527 3010 in
568 2970 752 3013 unum
794 2956 995 3013 locum
1028 2953 1411 3030 cong-regati,
1449 2969 1672 3028 magna
1712 2970 1860 3028 pars
1901 2951 2098 3013 saucii
2139 2957 2244 3012 aut

278 3033 575 3106 inerme8‚
606 3034 816 3095 nudati
848 3036 1131 3096 omnibus
1157 3037 1366 3111 rebus,
1397 3042 1676 3097 oratores
1707 3036 1786 3094 de
1815 3049 1969 3110 paee
1992 3034 2072 3094 ad
2095 3050 2239 3094 con—

278 3117 477 3176 sulem
506 3117 817 3178 miserunt.
862 3133 975 3178 eos
994 3117 1257 3178 Manlius
1283 3117 1597 3193 Ephesum
1623 3118 1834 3177 venire
1863 3117 2059 3177 iussit.
2103 3116 2256 3192 ipse'

277 3199 512 3259 -iam
554 3199 713 3260 enim
754 3200 1019 3260 medium
1061 3201 1332 3262 autumni
1370 3207 1500 3265 erat
1523 3233 1610 3246 --
1633 3199 1788 3262 locis
1829 3201 2048 3276 gelidis
2095 3217 2236 3275 pro-

280 3282 617 3359 pinquitate
644 3283 824 3346 Tauri
852 3284 1077 3345 montis
1106 3285 1412 3348 excedere
1435 3299 1780 3362 properans
1811 3283 2102 3345 victorem
2133 3301 2242 3344 ex-

276 3366 531 3428 ercitum
561 3365 623 3426 in
652 3366 908 3429 hiberna
936 3369 1271 3430 maritimae
1302 3384 1448 3430 orae
1473 3367 1739 3430 reduxit.

446 3450 713 3512 xxvln.
768 3453 924 3514 Dum
952 3453 1107 3514 haec
1136 3450 1198 3512 in
1224 3452 1379 3514 Asia
1406 3458 1715 3529 geruntur,
1753 3453 1813 3513 in
1845 3449 2062 3515 ceteris
2096 3469 2235 3531 pro-
