2548 3950
300 237 423 302 140
458 181 463 186 ⁸
541 235 771 297 LIBER
793 233 1059 296 XXXIV.
1095 229 1259 292 CAP.
1287 237 1371 293 17.
1400 237 1483 291 18.
1510 235 1594 290 19.
1627 233 1700 301 [a.
1726 231 1796 284 U.
1821 249 1868 284 c.
1892 232 2020 298 557]

301 391 587 452 bellatum
637 394 750 449 est.
820 385 1035 446 decem
1076 381 1240 442 milia
1281 377 1648 440 Celtiberum
1688 371 1973 438 mercede
2015 378 2278 438 Turduli

301 473 669 543 conducunt,
702 468 1045 544 alienisque
1072 465 1256 525 armis
1287 462 1587 540 parabant
1613 460 1866 523 bellum.
1929 463 2152 524 consul
2181 463 2277 524 in*

299 555 475 620 terim
501 553 838 616 rebellione
856 550 1358 626 Bergistanorum
1378 545 1557 620 ictuS,
1587 551 1824 606 ceteras
1850 555 2102 622 quoque
2127 547 2279 606 civi-

298 649 457 704 tates
485 647 655 700 ratus
685 653 799 714 per
830 631 1223 697 occasionem
1253 630 1416 691 idem
1446 626 1736 704 facturas,
1781 641 1952 690 arma
1980 627 2279 691 omnibus

303 725 392 786 cis
423 721 670 784 Iberum
696 717 990 795 Hispanis
1026 716 1255 776 adimit.
1303 729 1484 790 quam
1514 721 1646 774 rem
1674 711 1832 774 adeo
1864 721 2051 788 aegre
2079 715 2279 790 passi,

300 817 367 870 ut
393 807 564 868 multi
602 809 862 865 mortem
891 800 1135 862 sibimet
1162 795 1283 875 ipsi
1314 797 1801 872 consciscerent,
1847 797 2025 856 ferox
2051 807 2280 875 genUS,

300 892 529 953 nullam
556 889 742 950 vitam
767 885 883 946 rati
912 885 1045 946 sine
1076 883 1261 944 armis
1293 894 1456 943 esse.
1516 879 1686 957 quod
1713 879 1818 941 ubi
1849 873 2088 942 consuli
2119 889 2277 944 nun.-

300 977 509 1037 tiatum
544 980 657 1048 est,
687 977 1008 1034 senatores
1038 967 1308 1029 omnium
1339 963 1669 1027 civitatium
1699 964 1780 1024 ad
1807 969 1880 1026 s‘e
1910 966 2120 1026 vocari
2148 965 2280 1028 ius-

303 1061 400 1133 sit,
431 1064 617 1133 atque
644 1056 720 1116 iis
749 1071 913 1132 „non
942 1054 1193 1114 nostra“
1221 1049 1420 1127 inquit
1458 1048 1696 1124 „magis
1731 1055 1912 1124 quam
1939 1054 2152 1111 vestra
2175 1064 2278 1110 re-

303 1145 421 1204 fert
461 1157 579 1202 vos
621 1155 745 1200 non
786 1137 1116 1210 rebellare,
1161 1135 1467 1218 siquidem
1506 1123 1570 1193 id
1597 1131 1830 1194 maiore
1855 1123 2280 1208 Hispanorum

302 1227 464 1288 malo
530 1239 672 1286 uam
696 1221 1002 1282 exercitus
1027 1218 1289 1282 Romani
1309 1218 1522 1279 labore
1547 1225 1796 1293 semper
1817 1213 2021 1279 adhuc
2045 1215 2280 1280 factum

304 1314 418 1370 est.
481 1305 500 1367 i
585 1312 653 1368 ut
692 1320 771 1366 ne
810 1305 948 1379 fiat,
1000 1321 1124 1366 uno
1165 1302 1354 1363 modo
1400 1301 1662 1362 arbitror
1703 1301 1908 1362 caveri
1947 1307 2174 1378 posse,
2221 1301 2278 1370 si

304 1392 591 1453 effectum
617 1390 746 1465 erit,
777 1405 859 1449 ne
886 1388 1143 1466 possitis
1175 1382 1496 1447 rebellare.
1564 1387 1709 1446 volo
1739 1378 1804 1445 id
1833 1393 2016 1462 quam
2043 1379 2278 1448 mollis-

304 1478 461 1536 sima
497 1477 602 1536 via
630 1473 950 1550 consequi.
1019 1488 1138 1534 vos
1171 1481 1422 1547 quoque
1453 1470 1516 1530 in
1547 1480 1623 1529 ea
1649 1479 1720 1530 re
1750 1466 2007 1532 consitio
2036 1475 2136 1530 me
2166 1471 2274 1530 ad·

302 1560 525 1620 iuvate.
591 1559 823 1618 nullum
862 1554 1148 1617 libentius
1196 1571 1425 1631 sequar
1464 1559 1646 1630 quam
1691 1549 1860 1629 quod
1885 1561 2128 1614 vosmet
2153 1553 2277 1630 ipsi

306 1639 684 1707 attuleritis.“
746 1641 1087 1702 tacentibus
1130 1639 1399 1715 spatium
1435 1650 1506 1699 se
1543 1638 1624 1698 ad
1652 1634 2112 1698 deliberandum
2146 1637 2279 1698 die-

303 1742 440 1791 rum
472 1737 812 1800 paucorum
841 1724 990 1784 dare
1020 1724 1189 1785 dixit.
1248 1737 1388 1784 cum
1414 1721 1687 1784 revocati
1715 1723 1992 1783 secundo
2023 1737 2283 1799 quoque

306 1808 567 1870 concilio
594 1805 953 1880 tacuissent,
983 1824 1108 1869 uno
1140 1806 1242 1866 die
1269 1806 1462 1868 muris
1495 1805 1764 1868 omnium
1794 1805 2026 1878 dirutis,
2058 1805 2139 1866 ad
2163 1817 2281 1866 eos

307 1893 412 1969 qui
440 1888 711 1953 nondum
740 1890 1041 1967 parebant
1066 1888 1401 1966 profectus,
1435 1893 1502 1950 ut
1529 1891 1591 1949 in
1623 1899 1932 1966 quamque
1958 1887 2284 1964 regionem

304 1982 589 2051 venerat,
633 1989 851 2037 omnes
894 1969 1001 2051 qui
1039 1974 1203 2036 circa
1243 1969 1598 2036 incolebant
1623 1973 1894 2049 populos
1921 1971 1985 2034 in
2016 1969 2282 2034 deditio-

166 2080 187 2095 ·
305 2078 445 2130 nem
466 2059 722 2136 accepit.
764 2058 1145 2135 Segesticam
1168 2065 1418 2135 tantum,
1441 2071 1694 2135 gravem
1715 2064 1901 2134 atque
1922 2059 2282 2135 opulentam

306 2146 643 2217 civitatem,
678 2142 873 2203 vineis
903 2148 965 2203 et
992 2142 1215 2219 pluteis
1247 2143 1428 2217 cepit.
1472 2139 1687 2202 xvm.
1735 2152 1811 2203 eo
1841 2142 2138 2205 maiorem
2167 2142 2280 2204 ha-

303 2226 491 2291 bebat
516 2225 938 2289 difficultatem
964 2227 1024 2289 in
1056 2226 1416 2301 subigendis
1443 2224 1727 2286 hostibus
1761 2240 1945 2303 quam
1971 2227 2075 2301 qui
2097 2227 2282 2301 primi

300 2320 600 2375 venerant
627 2312 689 2371 in
716 2310 1107 2386 Hispaniam,
1152 2310 1323 2386 quod
1353 2310 1432 2370 ad
1460 2309 1598 2371 illos
1626 2308 1832 2371 taedio
1864 2308 2102 2385 imperii
2133 2308 2281 2370 Car--

303 2396 772 2473 thaginiensium
793 2396 1052 2472 Hispani
1068 2393 1468 2469 deficiebant,
1498 2393 1642 2453 huic
1671 2404 1750 2454 ex
1769 2400 2074 2471 usurpata
2095 2392 2282 2453 liber-

304 2487 425 2541 tate
454 2481 516 2541 in
542 2481 897 2540 servitutem
919 2480 1087 2541 velut
1112 2478 1439 2540 adserendi
1463 2482 1654 2538 erant.
1699 2476 1865 2539 etita
1885 2484 2051 2539 mota
2073 2478 2288 2540 omnia

306 2564 561 2638 accepit,
592 2567 661 2623 ut
686 2562 788 2625 alii
815 2561 878 2621 in
905 2562 1091 2623 armis
1122 2568 1352 2638 essent,
1385 2561 1486 2622 alii
1516 2560 1842 2623 obsidione
1869 2562 1951 2621 ad
1982 2560 2282 2623 defectio·-

305 2661 446 2705 nem
490 2652 886 2720 cogerentur,
941 2660 1057 2708 nec
1100 2646 1216 2707 nisi
1259 2647 1323 2707 in
1366 2654 1643 2722 tempore
1684 2647 2053 2709 subventum
2100 2645 2282 2723 soret,

303 2730 461 2789 ultra
510 2729 906 2791 sustentaturi
956 2730 1197 2791 fuerint.
1269 2730 1386 2791 sed
1425 2730 1488 2789 in
1541 2730 1796 2791 consule
1839 2742 1915 2791 ea
1953 2730 2050 2792 vis
2093 2730 2285 2791 animi

304 2820 491 2887 atque
529 2812 757 2886 ingenii
799 2812 939 2887 fuit,
984 2819 1051 2875 ut
1093 2814 1298 2875 omnia
1337 2814 1602 2875 maxima
1639 2813 2014 2890 minimaque
2055 2829 2167 2890 per
2207 2831 2285 2875 se

305 2895 503 2957 adiret
522 2901 709 2971 atque
730 2904 958 2972 ageret,
982 2912 1097 2961 nec
1122 2898 1420 2975 cogitaret
1436 2899 1622 2960 modo
1647 2897 2102 2973 imperaretque
2115 2914 2284 2973 quae

302 2980 365 3041 in
392 2996 523 3041 rem
566 2986 805 3056 essent,
849 2976 966 3043 sed
992 2983 1293 3059 pleraque
1321 2982 1459 3058 ipse
1485 2996 1602 3059 per
1627 2994 1698 3046 se
1723 2982 2116 3057 transigeret,
2160 2997 2283 3042 nec

303 3065 365 3126 in
396 3080 765 3142 quemquam
795 3064 1061 3126 omnium
1088 3066 1336 3142 gravius
1362 3066 1766 3141 severiusque
1791 3078 1975 3140 quam
1995 3066 2060 3124 in
2083 3072 2285 3126 semet

304 3148 509 3225 ipsum
550 3148 871 3226 imperium
916 3156 1261 3223 exerceret,
1309 3148 1684 3229 parsimonia
1725 3155 1786 3211 et
1829 3146 2049 3223 vigiliis
2094 3156 2157 3210 et
2191 3150 2280 3208 la-

303 3231 457 3293 bore
514 3248 652 3293 cum
706 3234 931 3295 ultimis
986 3233 1238 3297 militum
1303 3238 1591 3307 certaret,
1653 3246 1769 3292 nec
1829 3232 2158 3309 quicquam
2213 3232 2280 3292 in

303 3312 581 3455 ἓκξτοὶιιι
622 3332 737 3376 suo
780 3316 1097 3393 praecipui
1139 3323 1384 3392 praeter
1409 3314 1709 3377 honorem
1739 3322 1924 3393 atque
1953 3314 2278 3392 imperium

349 3413 385 3454 a
429 3402 580 3456 eret.

474 3474 629 3536 XIX.
695 3476 1016 3541 Difficilius
1070 3481 1298 3543 bellum
1353 3480 1415 3541 in
1462 3482 1833 3545 Turdetania
1885 3482 2154 3560 praetori
2205 3480 2256 3543 1>
