<?xml version="1.0" encoding="UTF-8"?>
<!DOCTYPE html PUBLIC "-//W3C//DTD XHTML 1.0 Transitional//EN"
    "http://www.w3.org/TR/xhtml1/DTD/xhtml1-transitional.dtd">
<html xmlns="http://www.w3.org/1999/xhtml" xml:lang="en" lang="en">
 <head>
  <title>
</title>
<meta http-equiv="Content-Type" content="text/html;charset=utf-8" />
  <meta name='ocr-system' content='tesseract 3.04.00' />
  <meta name='ocr-capabilities' content='ocr_page ocr_carea ocr_par ocr_line ocrx_word'/>
</head>
<body>
  <div class='ocr_page' id='page_1' title='image "./aburbeconditali14livygoog_0203.png"; bbox 0 0 2548 3950; ppageno 0'>
   <div class='ocr_carea' id='block_1_1' title="bbox 307 252 1909 333">
    <p class='ocr_par' dir='ltr' id='par_1_1' title="bbox 307 252 1909 333">
     <span class='ocr_line' id='line_1_1' title="bbox 307 252 1909 333; baseline 0.002 -15"><span class='ocrx_word' id='word_1_1' title='bbox 307 252 430 318; x_wconf 83' lang='grc'><strong>176</strong></span> <span class='ocrx_word' id='word_1_2' title='bbox 665 254 894 315; x_wconf 74' lang='lat' dir='ltr'><strong>LIBER</strong></span> <span class='ocrx_word' id='word_1_3' title='bbox 921 255 1161 315; x_wconf 81' lang='lat' dir='ltr'><strong>XXXV.</strong></span> <span class='ocrx_word' id='word_1_4' title='bbox 1205 256 1371 315; x_wconf 85' lang='lat' dir='ltr'><strong>CAP.</strong></span> <span class='ocrx_word' id='word_1_5' title='bbox 1406 268 1457 319; x_wconf 89' lang='lat'><strong>1.</strong></span> <span class='ocrx_word' id='word_1_6' title='bbox 1498 264 1573 333; x_wconf 81' lang='lat' dir='ltr'><strong>[a.</strong></span> <span class='ocrx_word' id='word_1_7' title='bbox 1606 264 1675 317; x_wconf 88' lang='lat' dir='ltr'><strong>U.</strong></span> <span class='ocrx_word' id='word_1_8' title='bbox 1706 280 1753 316; x_wconf 76' lang='grc' dir='ltr'><strong>ο.</strong></span> <span class='ocrx_word' id='word_1_9' title='bbox 1782 266 1909 333; x_wconf 86' lang='lat'>559]</span> 
     </span>
    </p>
   </div>
   <div class='ocr_carea' id='block_1_2' title="bbox 298 406 2281 989">
    <p class='ocr_par' dir='ltr' id='par_1_2' title="bbox 298 406 2281 989">
     <span class='ocr_line' id='line_1_2' title="bbox 301 406 2277 491; baseline 0.002 -20"><span class='ocrx_word' id='word_1_10' title='bbox 301 410 420 471; x_wconf 89' lang='lat' dir='ltr'><strong>lius</strong></span> <span class='ocrx_word' id='word_1_11' title='bbox 463 406 765 483; x_wconf 85' lang='lat' dir='ltr'><strong>Cethegus</strong></span> <span class='ocrx_word' id='word_1_12' title='bbox 808 414 870 467; x_wconf 87' lang='lat' dir='ltr'><strong>et</strong></span> <span class='ocrx_word' id='word_1_13' title='bbox 907 407 988 467; x_wconf 91' lang='grc' dir='ltr'><strong>Μ.</strong></span> <span class='ocrx_word' id='word_1_14' title='bbox 1018 406 1327 469; x_wconf 87' lang='lat' dir='ltr'><strong>Minucius</strong></span> <span class='ocrx_word' id='word_1_15' title='bbox 1368 410 1567 470; x_wconf 79' lang='lat' dir='ltr'><strong>Rufus</strong></span> <span class='ocrx_word' id='word_1_16' title='bbox 1610 412 1822 472; x_wconf 84' lang='lat' dir='ltr'><strong>audita</strong></span> <span class='ocrx_word' id='word_1_17' title='bbox 1861 412 2277 491; x_wconf 84' lang='lat' dir='ltr'><strong>inspectaque</strong></span> 
     </span>
     <span class='ocr_line' id='line_1_3' title="bbox 300 492 2276 579; baseline 0.004 -27"><span class='ocrx_word' id='word_1_18' title='bbox 300 509 369 553; x_wconf 90' lang='lat' dir='ltr'><strong>rc</strong></span> <span class='ocrx_word' id='word_1_19' title='bbox 399 504 709 579; x_wconf 80' lang='lat' dir='ltr'><strong>suspensa</strong></span> <span class='ocrx_word' id='word_1_20' title='bbox 739 492 956 565; x_wconf 90' lang='lat' dir='ltr'><strong>omnia,</strong></span> <span class='ocrx_word' id='word_1_21' title='bbox 989 500 1204 554; x_wconf 85' lang='lat' dir='ltr'><strong>neutro</strong></span> <span class='ocrx_word' id='word_1_22' title='bbox 1235 493 1541 555; x_wconf 86' lang='lat' dir='ltr'><strong>inclinatis</strong></span> <span class='ocrx_word' id='word_1_23' title='bbox 1573 496 1911 571; x_wconf 84' lang='lat' dir='ltr'><strong>sententiis,</strong></span> <span class='ocrx_word' id='word_1_24' title='bbox 1940 498 2276 574; x_wconf 71' lang='lat' dir='ltr'><strong>reliquere.</strong></span> 
     </span>
     <span class='ocr_line' id='line_1_4' title="bbox 300 576 2277 657; baseline 0.002 -20"><span class='ocrx_word' id='word_1_25' title='bbox 300 577 365 637; x_wconf 89' lang='lat' dir='ltr'><strong>id</strong></span> <span class='ocrx_word' id='word_1_26' title='bbox 392 583 592 637; x_wconf 87' lang='lat' dir='ltr'><strong>utrum</strong></span> <span class='ocrx_word' id='word_1_27' title='bbox 621 592 738 636; x_wconf 85' lang='lat' dir='ltr'><strong>sua</strong></span> <span class='ocrx_word' id='word_1_28' title='bbox 767 582 988 650; x_wconf 88' lang='lat' dir='ltr'><strong>sponte</strong></span> <span class='ocrx_word' id='word_1_29' title='bbox 1017 576 1293 649; x_wconf 68' lang='lat' dir='ltr'><strong>fecerim„-</strong></span> <span class='ocrx_word' id='word_1_30' title='bbox 1320 593 1398 637; x_wconf 84' lang='lat' dir='ltr'><strong>an</strong></span> <span class='ocrx_word' id='word_1_31' title='bbox 1425 578 1571 653; x_wconf 87' lang='lat' dir='ltr'><strong>quia</strong></span> <span class='ocrx_word' id='word_1_32' title='bbox 1590 580 1941 640; x_wconf 84' lang='lat' dir='ltr'><strong>mandatum</strong></span> <span class='ocrx_word' id='word_1_33' title='bbox 1965 581 2049 642; x_wconf 88' lang='lat' dir='ltr'><strong>ita</strong></span> <span class='ocrx_word' id='word_1_34' title='bbox 2070 582 2277 657; x_wconf 80' lang='lat' dir='ltr'><strong>fuerit,</strong></span> 
     </span>
     <span class='ocr_line' id='line_1_5' title="bbox 301 660 2281 739; baseline 0.006 -24"><span class='ocrx_word' id='word_1_35' title='bbox 301 672 429 718; x_wconf 90' lang='lat' dir='ltr'><strong>non</strong></span> <span class='ocrx_word' id='word_1_36' title='bbox 467 668 587 720; x_wconf 88' lang='lat' dir='ltr'><strong>tam</strong></span> <span class='ocrx_word' id='word_1_37' title='bbox 629 666 860 721; x_wconf 84' lang='lat' dir='ltr'><strong>certum</strong></span> <span class='ocrx_word' id='word_1_38' title='bbox 889 666 1013 734; x_wconf 87' lang='lat' dir='ltr'><strong>cst,</strong></span> <span class='ocrx_word' id='word_1_39' title='bbox 1059 674 1241 735; x_wconf 86' lang='lat' dir='ltr'><strong>quam</strong></span> <span class='ocrx_word' id='word_1_40' title='bbox 1270 660 1513 722; x_wconf 84' lang='lat' dir='ltr'><strong>videtur</strong></span> <span class='ocrx_word' id='word_1_41' title='bbox 1541 664 1802 739; x_wconf 81' lang='lat' dir='ltr'><strong>tempori</strong></span> <span class='ocrx_word' id='word_1_42' title='bbox 1832 672 2041 739; x_wconf 83' lang='lat' dir='ltr'><strong>aptum</strong></span> <span class='ocrx_word' id='word_1_43' title='bbox 2070 663 2281 727; x_wconf 78' lang='lat' dir='ltr'><strong>fuisse</strong></span> 
     </span>
     <span class='ocr_line' id='line_1_6' title="bbox 299 744 2279 824; baseline 0.003 -20"><span class='ocrx_word' id='word_1_44' title='bbox 299 744 534 819; x_wconf 88' lang='lat' dir='ltr'><strong>integro</strong></span> <span class='ocrx_word' id='word_1_45' title='bbox 566 744 892 804; x_wconf 76' lang='lat' dir='ltr'><strong>certamine</strong></span> <span class='ocrx_word' id='word_1_46' title='bbox 921 758 1034 805; x_wconf 88' lang='lat' dir='ltr'><strong>eos</strong></span> <span class='ocrx_word' id='word_1_47' title='bbox 1049 746 1337 819; x_wconf 81' lang='lat' dir='ltr'><strong>relinqui.</strong></span> <span class='ocrx_word' id='word_1_48' title='bbox 1384 761 1526 806; x_wconf 89' lang='lat' dir='ltr'><strong>nam</strong></span> <span class='ocrx_word' id='word_1_49' title='bbox 1547 746 1607 805; x_wconf 90' lang='lat' dir='ltr'><strong>ni</strong></span> <span class='ocrx_word' id='word_1_50' title='bbox 1631 747 1713 808; x_wconf 83' lang='lat' dir='ltr'><strong>ita</strong></span> <span class='ocrx_word' id='word_1_51' title='bbox 1735 756 1921 824; x_wconf 82' lang='lat' dir='ltr'><strong>esset,</strong></span> <span class='ocrx_word' id='word_1_52' title='bbox 1948 764 2111 810; x_wconf 87' lang='lat' dir='ltr'><strong>unus</strong></span> <span class='ocrx_word' id='word_1_53' title='bbox 2136 746 2279 809; x_wconf 86' lang='lat' dir='ltr'><strong>Sci-</strong></span> 
     </span>
     <span class='ocr_line' id='line_1_7' title="bbox 299 828 2277 909; baseline 0.004 -22"><span class='ocrx_word' id='word_1_54' title='bbox 299 829 406 903; x_wconf 90' lang='lat' dir='ltr'><strong>pio</strong></span> <span class='ocrx_word' id='word_1_55' title='bbox 435 828 534 887; x_wconf 89' lang='lat' dir='ltr'><strong>vel</strong></span> <span class='ocrx_word' id='word_1_56' title='bbox 563 829 776 891; x_wconf 86' lang='lat' dir='ltr'><strong>notitia</strong></span> <span class='ocrx_word' id='word_1_57' title='bbox 804 828 895 888; x_wconf 90' lang='lat' dir='ltr'><strong>rei</strong></span> <span class='ocrx_word' id='word_1_58' title='bbox 923 830 1021 888; x_wconf 91' lang='lat' dir='ltr'><strong>vcl</strong></span> <span class='ocrx_word' id='word_1_59' title='bbox 1053 830 1432 904; x_wconf 86' lang='lat' dir='ltr'><strong>auctoritate,</strong></span> <span class='ocrx_word' id='word_1_60' title='bbox 1464 830 1547 890; x_wconf 83' lang='lat' dir='ltr'><strong>ita</strong></span> <span class='ocrx_word' id='word_1_61' title='bbox 1580 831 1658 890; x_wconf 90' lang='lat' dir='ltr'><strong>de</strong></span> <span class='ocrx_word' id='word_1_62' title='bbox 1686 832 1965 908; x_wconf 83' lang='lat' dir='ltr'><strong>utrisque</strong></span> <span class='ocrx_word' id='word_1_63' title='bbox 1994 833 2277 909; x_wconf 77' lang='lat' dir='ltr'><strong>meritus,</strong></span> 
     </span>
     <span class='ocr_line' id='line_1_8' title="bbox 298 910 1541 989; baseline -0.002 -16"><span class='ocrx_word' id='word_1_64' title='bbox 298 910 480 973; x_wconf 89' lang='lat' dir='ltr'><strong>finire</strong></span> <span class='ocrx_word' id='word_1_65' title='bbox 505 920 653 974; x_wconf 88' lang='lat' dir='ltr'><strong>nutu</strong></span> <span class='ocrx_word' id='word_1_66' title='bbox 681 911 1189 988; x_wconf 81' lang='lat' dir='ltr'><strong>disceptationem</strong></span> <span class='ocrx_word' id='word_1_67' title='bbox 1217 914 1541 989; x_wconf 87' lang='lat' dir='ltr'><strong>potuisset.</strong></span> 
     </span>
    </p>
   </div>
   <div class='ocr_carea' id='block_1_3' title="bbox 1070 1088 1325 1099">
    <p class='ocr_par' dir='ltr' id='par_1_3' title="bbox 1070 1088 1325 1099">
     <span class='ocr_line' id='line_1_9' title="bbox 1070 1088 1325 1099; baseline 0 2851"><span class='ocrx_word' id='word_1_68' title='bbox 1070 1088 1325 1099; x_wconf 95' lang='lat' dir='ltr'><strong> </strong></span> 
     </span>
    </p>
   </div>
   <div class='ocr_carea' id='block_1_4' title="bbox 1328 1088 1489 1099">
    <p class='ocr_par' dir='ltr' id='par_1_4' title="bbox 1328 1088 1489 1099">
     <span class='ocr_line' id='line_1_10' title="bbox 1328 1088 1489 1099; baseline 0 0"><span class='ocrx_word' id='word_1_69' title='bbox 1328 1088 1489 1099; x_wconf 61' lang='lat' dir='ltr'><strong>n*</strong></span> 
     </span>
    </p>
   </div>
   <div class='ocr_carea' id='block_1_5' title="bbox 951 1241 1597 1344">
    <p class='ocr_par' dir='ltr' id='par_1_5' title="bbox 951 1241 1597 1344">
     <span class='ocr_line' id='line_1_11' title="bbox 951 1241 1597 1344; baseline 0.008 -6"><span class='ocrx_word' id='word_1_70' title='bbox 951 1241 1231 1341; x_wconf 74' lang='lat' dir='ltr'><strong>T‘lTl</strong></span> <span class='ocrx_word' id='word_1_71' title='bbox 1314 1247 1597 1344; x_wconf 80' lang='lat' dir='ltr'><strong>lel</strong></span> 
     </span>
    </p>
   </div>
   <div class='ocr_carea' id='block_1_6' title="bbox 856 1396 1703 1579">
    <p class='ocr_par' dir='ltr' id='par_1_6' title="bbox 856 1396 1703 1579">
     <span class='ocr_line' id='line_1_12' title="bbox 856 1396 1703 1463; baseline 0.004 -5"><span class='ocrx_word' id='word_1_72' title='bbox 856 1396 966 1459; x_wconf 68' lang='grc' dir='ltr'><strong>ΑΒ</strong></span> <span class='ocrx_word' id='word_1_73' title='bbox 1007 1396 1248 1459; x_wconf 75' lang='lat' dir='ltr'>URBE</span> <span class='ocrx_word' id='word_1_74' title='bbox 1292 1398 1703 1463; x_wconf 81' lang='lat' dir='ltr'>CONDITA</span> 
     </span>
     <span class='ocr_line' id='line_1_13' title="bbox 1037 1511 1537 1579; baseline 0.004 -4"><span class='ocrx_word' id='word_1_75' title='bbox 1037 1512 1260 1577; x_wconf 79' lang='lat' dir='ltr'>LIBER</span> <span class='ocrx_word' id='word_1_76' title='bbox 1300 1511 1537 1579; x_wconf 82' lang='lat' dir='ltr'><strong>XXXV‘.</strong></span> 
     </span>
    </p>
   </div>
   <div class='ocr_carea' id='block_1_7' title="bbox 1135 1646 1442 1657">
    <p class='ocr_par' dir='ltr' id='par_1_7' title="bbox 1135 1646 1442 1657">
     <span class='ocr_line' id='line_1_14' title="bbox 1135 1646 1442 1657; baseline 0 2293"><span class='ocrx_word' id='word_1_77' title='bbox 1135 1646 1442 1657; x_wconf 95' lang='lat' dir='ltr'><strong> </strong></span> 
     </span>
    </p>
   </div>
   <div class='ocr_carea' id='block_1_8' title="bbox 305 1733 2273 3389">
    <p class='ocr_par' dir='ltr' id='par_1_8' title="bbox 305 1733 2273 3389">
     <span class='ocr_line' id='line_1_15' title="bbox 305 1733 2273 1803; baseline 0 -15"><span class='ocrx_word' id='word_1_78' title='bbox 305 1736 602 1792; x_wconf 81' lang='lat' dir='ltr'><strong>EPlTOME.</strong></span> <span class='ocrx_word' id='word_1_79' title='bbox 669 1743 746 1790; x_wconf 56' lang='lat' dir='ltr'><strong>Ma·</strong></span> <span class='ocrx_word' id='word_1_80' title='bbox 783 1733 1242 1800; x_wconf 69' lang='lat' dir='ltr'><strong>Scipio=Ast=icanns</strong></span> <span class='ocrx_word' id='word_1_81' title='bbox 1265 1738 1463 1803; x_wconf 79' lang='lat' dir='ltr'><strong>legatus</strong></span> <span class='ocrx_word' id='word_1_82' title='bbox 1496 1737 1564 1788; x_wconf 77' lang='lat' dir='ltr'><strong>ad</strong></span> <span class='ocrx_word' id='word_1_83' title='bbox 1592 1733 1901 1787; x_wconf 75' lang='lat' dir='ltr'><strong>Antiochum</strong></span> <span class='ocrx_word' id='word_1_84' title='bbox 1922 1734 2113 1801; x_wconf 83' lang='lat' dir='ltr'><strong>Ephesi</strong></span> <span class='ocrx_word' id='word_1_85' title='bbox 2144 1751 2273 1788; x_wconf 84' lang='lat' dir='ltr'><strong>cum</strong></span> 
     </span>
     <span class='ocr_line' id='line_1_16' title="bbox 400 1804 2271 1871; baseline 0 -14"><span class='ocrx_word' id='word_1_86' title='bbox 400 1804 706 1866; x_wconf 76' lang='lat' dir='ltr'><strong>Hannibale,</strong></span> <span class='ocrx_word' id='word_1_87' title='bbox 742 1810 828 1871; x_wconf 84' lang='lat' dir='ltr'><strong>qui</strong></span> <span class='ocrx_word' id='word_1_88' title='bbox 858 1818 914 1853; x_wconf 86' lang='lat' dir='ltr'><strong>se</strong></span> <span class='ocrx_word' id='word_1_89' title='bbox 949 1804 1202 1855; x_wconf 75' lang='lat' dir='ltr'><strong>Antiocho</strong></span> <span class='ocrx_word' id='word_1_90' title='bbox 1237 1806 1496 1866; x_wconf 80' lang='lat' dir='ltr'><strong>iunxerat,</strong></span> <span class='ocrx_word' id='word_1_91' title='bbox 1536 1804 1811 1855; x_wconf 75' lang='lat' dir='ltr'><strong>collocutus</strong></span> <span class='ocrx_word' id='word_1_92' title='bbox 1833 1808 1937 1869; x_wconf 81' lang='lat' dir='ltr'><strong>est,</strong></span> <span class='ocrx_word' id='word_1_93' title='bbox 1974 1811 2057 1869; x_wconf 86' lang='lat' dir='ltr'><strong>ut,</strong></span> <span class='ocrx_word' id='word_1_94' title='bbox 2089 1805 2137 1855; x_wconf 80' lang='lat' dir='ltr'><strong>si</strong></span> <span class='ocrx_word' id='word_1_95' title='bbox 2152 1804 2271 1857; x_wconf 80' lang='lat' dir='ltr'><strong>fleri</strong></span> 
     </span>
     <span class='ocr_line' id='line_1_17' title="bbox 440 1869 2265 1939; baseline 0.002 -17"><span class='ocrx_word' id='word_1_96' title='bbox 440 1880 595 1931; x_wconf 84' lang='lat' dir='ltr'><strong>osset,</strong></span> <span class='ocrx_word' id='word_1_97' title='bbox 617 1880 802 1923; x_wconf 81' lang='lat' dir='ltr'><strong>metum</strong></span> <span class='ocrx_word' id='word_1_98' title='bbox 818 1869 882 1929; x_wconf 88' lang='lat' dir='ltr'><strong>ei,</strong></span> <span class='ocrx_word' id='word_1_99' title='bbox 919 1884 1070 1931; x_wconf 81' lang='lat' dir='ltr'><strong>quem</strong></span> <span class='ocrx_word' id='word_1_100' title='bbox 1085 1889 1152 1921; x_wconf 73' lang='lat' dir='ltr'><strong>ex</strong></span> <span class='ocrx_word' id='word_1_101' title='bbox 1168 1876 1361 1939; x_wconf 82' lang='lat' dir='ltr'><strong>populo</strong></span> <span class='ocrx_word' id='word_1_102' title='bbox 1388 1875 1620 1923; x_wconf 82' lang='lat' dir='ltr'><strong>Romano</strong></span> <span class='ocrx_word' id='word_1_103' title='bbox 1641 1879 1957 1939; x_wconf 76' lang='lat' dir='ltr'><strong>conceperat,</strong></span> <span class='ocrx_word' id='word_1_104' title='bbox 1994 1873 2265 1925; x_wconf 85' lang='lat' dir='ltr'><strong>eximeret.</strong></span> 
     </span>
     <span class='ocr_line' id='line_1_18' title="bbox 421 1938 2269 2020; baseline 0.001 -30"><span class='ocrx_word' id='word_1_105' title='bbox 421 1947 532 1990; x_wconf 85' lang='lat' dir='ltr'><strong>nter</strong></span> <span class='ocrx_word' id='word_1_106' title='bbox 549 1938 648 1990; x_wconf 87' lang='lat' dir='ltr'><strong>alia</strong></span> <span class='ocrx_word' id='word_1_107' title='bbox 665 1954 780 1992; x_wconf 89' lang='lat' dir='ltr'><strong>cum</strong></span> <span class='ocrx_word' id='word_1_108' title='bbox 795 1947 1074 2006; x_wconf 83' lang='lat' dir='ltr'><strong>quaereret,</strong></span> <span class='ocrx_word' id='word_1_109' title='bbox 1105 1954 1256 2006; x_wconf 90' lang='lat' dir='ltr'><strong>quem</strong></span> <span class='ocrx_word' id='word_1_110' title='bbox 1278 1938 1439 2020; x_wconf 67' lang='lat' dir='ltr'><strong>fuisse</strong></span> <span class='ocrx_word' id='word_1_111' title='bbox 1457 1939 1736 1990; x_wconf 80' lang='lat' dir='ltr'><strong>maximum</strong></span> <span class='ocrx_word' id='word_1_112' title='bbox 1754 1938 2112 2005; x_wconf 79' lang='lat' dir='ltr'><strong>imperatorem</strong></span> <span class='ocrx_word' id='word_1_113' title='bbox 2128 1942 2269 1992; x_wconf 85' lang='lat' dir='ltr'><strong>Han-</strong></span> 
     </span>
     <span class='ocr_line' id='line_1_19' title="bbox 401 2005 2269 2078; baseline 0.002 -21"><span class='ocrx_word' id='word_1_114' title='bbox 401 2005 541 2057; x_wconf 87' lang='lat' dir='ltr'><strong>nibal</strong></span> <span class='ocrx_word' id='word_1_115' title='bbox 575 2008 823 2074; x_wconf 82' lang='lat' dir='ltr'><strong>crederet,</strong></span> <span class='ocrx_word' id='word_1_116' title='bbox 852 2007 1116 2074; x_wconf 87' lang='lat' dir='ltr'><strong>respondit</strong></span> <span class='ocrx_word' id='word_1_117' title='bbox 1145 2009 1490 2061; x_wconf 76' lang='lat' dir='ltr'><strong>Alexandrum</strong></span> <span class='ocrx_word' id='word_1_118' title='bbox 1522 2007 1858 2060; x_wconf 76' lang='lat' dir='ltr'><strong>Macedonum</strong></span> <span class='ocrx_word' id='word_1_119' title='bbox 1878 2023 2081 2078; x_wconf 76' lang='lat' dir='ltr'><strong>regem,</strong></span> <span class='ocrx_word' id='word_1_120' title='bbox 2120 2011 2269 2074; x_wconf 86' lang='lat' dir='ltr'><strong>quod</strong></span> 
     </span>
     <span class='ocr_line' id='line_1_20' title="bbox 401 2076 2267 2145; baseline 0.001 -16"><span class='ocrx_word' id='word_1_121' title='bbox 401 2093 560 2145; x_wconf 82' lang='lat' dir='ltr'><strong>parva</strong></span> <span class='ocrx_word' id='word_1_122' title='bbox 587 2091 739 2126; x_wconf 88' lang='lat' dir='ltr'><strong>manu</strong></span> <span class='ocrx_word' id='word_1_123' title='bbox 771 2076 1162 2128; x_wconf 75' lang='lat' dir='ltr'><strong>innumerabiles</strong></span> <span class='ocrx_word' id='word_1_124' title='bbox 1198 2079 1453 2128; x_wconf 80' lang='lat' dir='ltr'><strong>exercitus</strong></span> <span class='ocrx_word' id='word_1_125' title='bbox 1492 2076 1743 2144; x_wconf 78' lang='lat' dir='ltr'><strong>fudisset,</strong></span> <span class='ocrx_word' id='word_1_126' title='bbox 1788 2077 2027 2142; x_wconf 85' lang='lat' dir='ltr'><strong>quodque</strong></span> <span class='ocrx_word' id='word_1_127' title='bbox 2056 2077 2267 2130; x_wconf 75' lang='lat' dir='ltr'><strong>ultimas</strong></span> 
     </span>
     <span class='ocr_line' id='line_1_21' title="bbox 401 2147 2267 2212; baseline 0.001 -15"><span class='ocrx_word' id='word_1_128' title='bbox 401 2161 534 2208; x_wconf 85' lang='lat' dir='ltr'><strong>oras,</strong></span> <span class='ocrx_word' id='word_1_129' title='bbox 569 2161 696 2211; x_wconf 87' lang='lat' dir='ltr'><strong>quas</strong></span> <span class='ocrx_word' id='word_1_130' title='bbox 719 2147 882 2197; x_wconf 83' lang='lat' dir='ltr'><strong>visere</strong></span> <span class='ocrx_word' id='word_1_131' title='bbox 907 2161 1062 2212; x_wconf 83' lang='lat' dir='ltr'><strong>supra</strong></span> <span class='ocrx_word' id='word_1_132' title='bbox 1081 2161 1226 2212; x_wconf 86' lang='lat' dir='ltr'><strong>spem</strong></span> <span class='ocrx_word' id='word_1_133' title='bbox 1251 2147 1527 2198; x_wconf 85' lang='lat' dir='ltr'><strong>humanam</strong></span> <span class='ocrx_word' id='word_1_134' title='bbox 1547 2154 1701 2207; x_wconf 87' lang='lat' dir='ltr'><strong>esset,</strong></span> <span class='ocrx_word' id='word_1_135' title='bbox 1722 2154 2066 2212; x_wconf 72' lang='lat' dir='ltr'><strong>peragrasset.</strong></span> <span class='ocrx_word' id='word_1_136' title='bbox 2102 2162 2267 2212; x_wconf 76' lang='lat' dir='ltr'><strong>quae-</strong></span> 
     </span>
     <span class='ocr_line' id='line_1_22' title="bbox 399 2215 2265 2282; baseline 0.001 -16"><span class='ocrx_word' id='word_1_137' title='bbox 399 2219 528 2267; x_wconf 79' lang='lat' dir='ltr'><strong>renti</strong></span> <span class='ocrx_word' id='word_1_138' title='bbox 549 2217 760 2282; x_wconf 84' lang='lat' dir='ltr'><strong>deinde,</strong></span> <span class='ocrx_word' id='word_1_139' title='bbox 792 2231 944 2281; x_wconf 83' lang='lat' dir='ltr'><strong>quem</strong></span> <span class='ocrx_word' id='word_1_140' title='bbox 975 2217 1250 2268; x_wconf 87' lang='lat' dir='ltr'><strong>secundum</strong></span> <span class='ocrx_word' id='word_1_141' title='bbox 1271 2224 1510 2282; x_wconf 87' lang='lat' dir='ltr'><strong>poneret,</strong></span> <span class='ocrx_word' id='word_1_142' title='bbox 1546 2215 1792 2281; x_wconf 75' lang='lat' dir='ltr'><strong>Pyrrhum</strong></span> <span class='ocrx_word' id='word_1_143' title='bbox 1810 2217 1995 2282; x_wconf 87' lang='lat' dir='ltr'><strong>inquit,</strong></span> <span class='ocrx_word' id='word_1_144' title='bbox 2024 2231 2085 2266; x_wconf 86' lang='lat' dir='ltr'><strong>eo</strong></span> <span class='ocrx_word' id='word_1_145' title='bbox 2119 2217 2265 2278; x_wconf 83' lang='lat' dir='ltr'><strong>quod</strong></span> 
     </span>
     <span class='ocr_line' id='line_1_23' title="bbox 401 2283 2266 2350; baseline 0 -14"><span class='ocrx_word' id='word_1_146' title='bbox 401 2297 566 2336; x_wconf 82' lang='lat' dir='ltr'><strong>castra</strong></span> <span class='ocrx_word' id='word_1_147' title='bbox 597 2287 774 2337; x_wconf 87' lang='lat' dir='ltr'><strong>metari</strong></span> <span class='ocrx_word' id='word_1_148' title='bbox 805 2286 1021 2350; x_wconf 85' lang='lat' dir='ltr'><strong>primum</strong></span> <span class='ocrx_word' id='word_1_149' title='bbox 1048 2285 1334 2344; x_wconf 80' lang='lat' dir='ltr'><strong>docuisset3</strong></span> <span class='ocrx_word' id='word_1_150' title='bbox 1372 2285 1553 2336; x_wconf 89' lang='lat' dir='ltr'><strong>adhoc</strong></span> <span class='ocrx_word' id='word_1_151' title='bbox 1571 2286 1825 2335; x_wconf 89' lang='lat' dir='ltr'><strong>neminem</strong></span> <span class='ocrx_word' id='word_1_152' title='bbox 1842 2284 2122 2350; x_wconf 80' lang='lat' dir='ltr'><strong>elegantius</strong></span> <span class='ocrx_word' id='word_1_153' title='bbox 2143 2283 2266 2336; x_wconf 78' lang='lat' dir='ltr'><strong>loca</strong></span> 
     </span>
     <span class='ocr_line' id='line_1_24' title="bbox 401 2353 2265 2422; baseline -0.002 -16"><span class='ocrx_word' id='word_1_154' title='bbox 401 2357 615 2422; x_wconf 81' lang='lat' dir='ltr'><strong>cepisse,</strong></span> <span class='ocrx_word' id='word_1_155' title='bbox 649 2355 906 2421; x_wconf 86' lang='lat' dir='ltr'><strong>praesidia</strong></span> <span class='ocrx_word' id='word_1_156' title='bbox 924 2355 1254 2420; x_wconf 81' lang='lat' dir='ltr'><strong>disposuisse.</strong></span> <span class='ocrx_word' id='word_1_157' title='bbox 1308 2354 1621 2418; x_wconf 80' lang='lat' dir='ltr'><strong>exsequenti,</strong></span> <span class='ocrx_word' id='word_1_158' title='bbox 1660 2369 1809 2417; x_wconf 90' lang='lat' dir='ltr'><strong>quem</strong></span> <span class='ocrx_word' id='word_1_159' title='bbox 1832 2355 2031 2402; x_wconf 77' lang='lat' dir='ltr'><strong>tertium</strong></span> <span class='ocrx_word' id='word_1_160' title='bbox 2052 2353 2265 2420; x_wconf 85' lang='lat' dir='ltr'><strong>diceret,</strong></span> 
     </span>
     <span class='ocr_line' id='line_1_25' title="bbox 401 2419 2263 2490; baseline -0.002 -15"><span class='ocrx_word' id='word_1_161' title='bbox 401 2432 560 2475; x_wconf 88' lang='lat' dir='ltr'><strong>semet</strong></span> <span class='ocrx_word' id='word_1_162' title='bbox 577 2425 746 2490; x_wconf 88' lang='lat' dir='ltr'><strong>ipsum</strong></span> <span class='ocrx_word' id='word_1_163' title='bbox 765 2422 908 2477; x_wconf 86' lang='lat' dir='ltr'><strong>dixit.</strong></span> <span class='ocrx_word' id='word_1_164' title='bbox 956 2425 1126 2473; x_wconf 87' lang='lat' dir='ltr'><strong>ridens</strong></span> <span class='ocrx_word' id='word_1_165' title='bbox 1153 2421 1323 2488; x_wconf 87' lang='lat' dir='ltr'><strong>Scipio</strong></span> <span class='ocrx_word' id='word_1_166' title='bbox 1342 2423 1626 2488; x_wconf 80' lang='lat' dir='ltr'><strong>„quidnam</strong></span> <span class='ocrx_word' id='word_1_167' title='bbox 1645 2431 1700 2473; x_wconf 90' lang='lat' dir='ltr'><strong>tu</strong></span> <span class='ocrx_word' id='word_1_168' title='bbox 1721 2423 1914 2474; x_wconf 84' lang='lat' dir='ltr'><strong>diocr&#39;es</strong></span> <span class='ocrx_word' id='word_1_169' title='bbox 1928 2463 1943 2486; x_wconf 90' lang='lat'>‚</span> <span class='ocrx_word' id='word_1_170' title='bbox 1966 2422 2012 2471; x_wconf 90' lang='lat' dir='ltr'><strong>si</strong></span> <span class='ocrx_word' id='word_1_171' title='bbox 2029 2419 2155 2472; x_wconf 81' lang='lat' dir='ltr'><strong>me“</strong></span> <span class='ocrx_word' id='word_1_172' title='bbox 2178 2422 2263 2472; x_wconf 81' lang='lat' dir='ltr'><strong>in·-</strong></span> 
     </span>
     <span class='ocr_line' id='line_1_26' title="bbox 401 2490 2265 2557; baseline -0.001 -14"><span class='ocrx_word' id='word_1_173' title='bbox 401 2495 512 2556; x_wconf 83' lang='lat' dir='ltr'><strong>quit</strong></span> <span class='ocrx_word' id='word_1_174' title='bbox 541 2493 862 2553; x_wconf 76' lang='lat' dir='ltr'><strong>„vicisses‘?“</strong></span> <span class='ocrx_word' id='word_1_175' title='bbox 915 2499 1058 2556; x_wconf 86' lang='lat' dir='ltr'><strong>„tum</strong></span> <span class='ocrx_word' id='word_1_176' title='bbox 1095 2492 1255 2544; x_wconf 82' lang='lat' dir='ltr'><strong>vero“</strong></span> <span class='ocrx_word' id='word_1_177' title='bbox 1292 2493 1453 2555; x_wconf 85' lang='lat' dir='ltr'><strong>inquit</strong></span> <span class='ocrx_word' id='word_1_178' title='bbox 1478 2507 1599 2557; x_wconf 87' lang='lat' dir='ltr'><strong>„me</strong></span> <span class='ocrx_word' id='word_1_179' title='bbox 1631 2502 1681 2542; x_wconf 89' lang='lat' dir='ltr'><strong>et</strong></span> <span class='ocrx_word' id='word_1_180' title='bbox 1710 2500 1827 2543; x_wconf 88' lang='lat' dir='ltr'><strong>ante</strong></span> <span class='ocrx_word' id='word_1_181' title='bbox 1843 2490 2188 2542; x_wconf 59' lang='lat' dir='ltr'><strong>Alexandrum</strong></span> <span class='ocrx_word' id='word_1_182' title='bbox 2212 2499 2265 2542; x_wconf 83' lang='lat' dir='ltr'><strong>et</strong></span> 
     </span>
     <span class='ocr_line' id='line_1_27' title="bbox 396 2559 2255 2627; baseline 0.001 -16"><span class='ocrx_word' id='word_1_183' title='bbox 396 2569 514 2611; x_wconf 86' lang='lat' dir='ltr'><strong>ante</strong></span> <span class='ocrx_word' id='word_1_184' title='bbox 530 2560 777 2627; x_wconf 71' lang='lat' dir='ltr'><strong>Pyrrhum</strong></span> <span class='ocrx_word' id='word_1_185' title='bbox 795 2567 844 2609; x_wconf 84' lang='lat' dir='ltr'><strong>et</strong></span> <span class='ocrx_word' id='word_1_186' title='bbox 863 2568 980 2612; x_wconf 80' lang='lat' dir='ltr'><strong>ante</strong></span> <span class='ocrx_word' id='word_1_187' title='bbox 999 2560 1138 2612; x_wconf 78' lang='lat' dir='ltr'><strong>alios</strong></span> <span class='ocrx_word' id='word_1_188' title='bbox 1149 2575 1329 2612; x_wconf 81' lang='lat' dir='ltr'><strong>omnes</strong></span> <span class='ocrx_word' id='word_1_189' title='bbox 1344 2562 1689 2627; x_wconf 87' lang='lat' dir='ltr'><strong>posuissem.“</strong></span> <span class='ocrx_word' id='word_1_190' title='bbox 1742 2561 1873 2610; x_wconf 85' lang='lat' dir='ltr'><strong>inter</strong></span> <span class='ocrx_word' id='word_1_191' title='bbox 1890 2567 2055 2610; x_wconf 83' lang='lat' dir='ltr'><strong>cetera</strong></span> <span class='ocrx_word' id='word_1_192' title='bbox 2079 2559 2255 2624; x_wconf 82' lang='lat' dir='ltr'><strong>prodi·</strong></span> 
     </span>
     <span class='ocr_line' id='line_1_28' title="bbox 400 2626 2263 2695; baseline -0.001 -15"><span class='ocrx_word' id='word_1_193' title='bbox 400 2632 508 2695; x_wconf 78' lang='lat' dir='ltr'><strong>gia,</strong></span> <span class='ocrx_word' id='word_1_194' title='bbox 531 2644 660 2692; x_wconf 85' lang='lat' dir='ltr'><strong>quae</strong></span> <span class='ocrx_word' id='word_1_195' title='bbox 676 2629 896 2694; x_wconf 85' lang='lat' dir='ltr'><strong>plurima</strong></span> <span class='ocrx_word' id='word_1_196' title='bbox 913 2628 1074 2681; x_wconf 77' lang='lat' dir='ltr'><strong>fuisse</strong></span> <span class='ocrx_word' id='word_1_197' title='bbox 1090 2631 1375 2692; x_wconf 84' lang='lat' dir='ltr'><strong>traduntur,</strong></span> <span class='ocrx_word' id='word_1_198' title='bbox 1394 2631 1577 2682; x_wconf 85' lang='lat' dir='ltr'><strong>bovem</strong></span> <span class='ocrx_word' id='word_1_199' title='bbox 1602 2629 1689 2680; x_wconf 85' lang='lat' dir='ltr'><strong>Cn.</strong></span> <span class='ocrx_word' id='word_1_200' title='bbox 1710 2629 1917 2680; x_wconf 87' lang='lat' dir='ltr'><strong>Domitii</strong></span> <span class='ocrx_word' id='word_1_201' title='bbox 1934 2628 2155 2679; x_wconf 81' lang='lat' dir='ltr'><strong>consulis</strong></span> <span class='ocrx_word' id='word_1_202' title='bbox 2178 2626 2263 2679; x_wconf 89' lang='lat' dir='ltr'><strong>lo-</strong></span> 
     </span>
     <span class='ocr_line' id='line_1_29' title="bbox 401 2697 2263 2766; baseline 0 -18"><span class='ocrx_word' id='word_1_203' title='bbox 401 2706 572 2748; x_wconf 90' lang='lat' dir='ltr'><strong>cutum</strong></span> <span class='ocrx_word' id='word_1_204' title='bbox 603 2698 803 2764; x_wconf 84' lang='lat' dir='ltr'><strong>„Roma</strong></span> <span class='ocrx_word' id='word_1_205' title='bbox 819 2713 942 2750; x_wconf 86' lang='lat' dir='ltr'><strong>cave</strong></span> <span class='ocrx_word' id='word_1_206' title='bbox 970 2701 1100 2750; x_wconf 88' lang='lat' dir='ltr'><strong>tibi“</strong></span> <span class='ocrx_word' id='word_1_207' title='bbox 1128 2699 1361 2750; x_wconf 76' lang='lat' dir='ltr'><strong>refertur.</strong></span> <span class='ocrx_word' id='word_1_208' title='bbox 1410 2707 1657 2766; x_wconf 88' lang='lat' dir='ltr'><strong>apparant</strong></span> <span class='ocrx_word' id='word_1_209' title='bbox 1674 2700 1727 2749; x_wconf 90' lang='lat' dir='ltr'><strong>in</strong></span> <span class='ocrx_word' id='word_1_210' title='bbox 1743 2697 2048 2749; x_wconf 79' lang='lat' dir='ltr'><strong>Antiochum</strong></span> <span class='ocrx_word' id='word_1_211' title='bbox 2063 2697 2263 2748; x_wconf 88' lang='lat' dir='ltr'><strong>bellum</strong></span> 
     </span>
     <span class='ocr_line' id='line_1_30' title="bbox 399 2765 2262 2834; baseline -0.001 -17"><span class='ocrx_word' id='word_1_212' title='bbox 399 2767 632 2820; x_wconf 84' lang='lat' dir='ltr'><strong>Romani.</strong></span> <span class='ocrx_word' id='word_1_213' title='bbox 682 2767 838 2818; x_wconf 89' lang='lat' dir='ltr'><strong>Nabis</strong></span> <span class='ocrx_word' id='word_1_214' title='bbox 866 2769 1383 2820; x_wconf 75' lang='lat' dir='ltr'><strong>Lacedaemoniorum</strong></span> <span class='ocrx_word' id='word_1_215' title='bbox 1419 2777 1665 2834; x_wconf 71' lang='lat' dir='ltr'><strong>tyrannus</strong></span> <span class='ocrx_word' id='word_1_216' title='bbox 1689 2768 1927 2818; x_wconf 87' lang='lat' dir='ltr'><strong>incitatus</strong></span> <span class='ocrx_word' id='word_1_217' title='bbox 1944 2767 2025 2818; x_wconf 71' lang='lat' dir='ltr'><strong>ab</strong></span> <span class='ocrx_word' id='word_1_218' title='bbox 2042 2765 2262 2829; x_wconf 81' lang='lat' dir='ltr'><strong>Aetolis,</strong></span> 
     </span>
     <span class='ocr_line' id='line_1_31' title="bbox 401 2833 2262 2903; baseline 0 -17"><span class='ocrx_word' id='word_1_219' title='bbox 401 2836 489 2900; x_wconf 85' lang='lat' dir='ltr'><strong>qui</strong></span> <span class='ocrx_word' id='word_1_220' title='bbox 507 2842 556 2886; x_wconf 89' lang='lat' dir='ltr'><strong>et</strong></span> <span class='ocrx_word' id='word_1_221' title='bbox 572 2837 860 2903; x_wconf 88' lang='lat' dir='ltr'><strong>Philippum</strong></span> <span class='ocrx_word' id='word_1_222' title='bbox 895 2846 945 2890; x_wconf 91' lang='lat' dir='ltr'><strong>et</strong></span> <span class='ocrx_word' id='word_1_223' title='bbox 961 2837 1264 2889; x_wconf 81' lang='lat' dir='ltr'><strong>Antiochum</strong></span> <span class='ocrx_word' id='word_1_224' title='bbox 1297 2837 1364 2888; x_wconf 88' lang='lat' dir='ltr'><strong>ad</strong></span> <span class='ocrx_word' id='word_1_225' title='bbox 1395 2837 1715 2888; x_wconf 79' lang='lat' dir='ltr'><strong>inferendum</strong></span> <span class='ocrx_word' id='word_1_226' title='bbox 1740 2835 1925 2887; x_wconf 87' lang='lat' dir='ltr'><strong>bellum</strong></span> <span class='ocrx_word' id='word_1_227' title='bbox 1945 2834 2131 2902; x_wconf 86' lang='lat' dir='ltr'><strong>populo</strong></span> <span class='ocrx_word' id='word_1_228' title='bbox 2149 2833 2262 2886; x_wconf 81' lang='lat' dir='ltr'><strong>Ro-</strong></span> 
     </span>
     <span class='ocr_line' id='line_1_32' title="bbox 399 2904 2262 2974; baseline 0.001 -19"><span class='ocrx_word' id='word_1_229' title='bbox 399 2919 552 2956; x_wconf 87' lang='lat' dir='ltr'><strong>mano</strong></span> <span class='ocrx_word' id='word_1_230' title='bbox 583 2905 947 2969; x_wconf 78' lang='lat' dir='ltr'><strong>sollicitabant,</strong></span> <span class='ocrx_word' id='word_1_231' title='bbox 978 2923 1010 2959; x_wconf 85' lang='lat' dir='ltr'><strong>a</strong></span> <span class='ocrx_word' id='word_1_232' title='bbox 1026 2906 1217 2974; x_wconf 89' lang='lat' dir='ltr'><strong>populo</strong></span> <span class='ocrx_word' id='word_1_233' title='bbox 1236 2909 1465 2957; x_wconf 89' lang='lat' dir='ltr'><strong>Romano</strong></span> <span class='ocrx_word' id='word_1_234' title='bbox 1504 2907 1745 2973; x_wconf 86' lang='lat' dir='ltr'><strong>descivit,</strong></span> <span class='ocrx_word' id='word_1_235' title='bbox 1776 2913 1827 2956; x_wconf 86' lang='lat' dir='ltr'><strong>et</strong></span> <span class='ocrx_word' id='word_1_236' title='bbox 1841 2905 1974 2955; x_wconf 88' lang='lat' dir='ltr'><strong>bello</strong></span> <span class='ocrx_word' id='word_1_237' title='bbox 2008 2904 2262 2956; x_wconf 79' lang='lat' dir='ltr'><strong>adversus</strong></span> 
     </span>
     <span class='ocr_line' id='line_1_33' title="bbox 398 2972 2260 3043; baseline -0.001 -17"><span class='ocrx_word' id='word_1_238' title='bbox 398 2973 846 3042; x_wconf 76' lang='lat' dir='ltr'><strong>Philopoemenem</strong></span> <span class='ocrx_word' id='word_1_239' title='bbox 863 2977 1182 3028; x_wconf 86' lang='lat' dir='ltr'><strong>Achaeorum</strong></span> <span class='ocrx_word' id='word_1_240' title='bbox 1199 2983 1486 3043; x_wconf 80' lang='lat' dir='ltr'><strong>praetorem</strong></span> <span class='ocrx_word' id='word_1_241' title='bbox 1503 2983 1667 3043; x_wconf 77' lang='lat' dir='ltr'><strong>gesto,</strong></span> <span class='ocrx_word' id='word_1_242' title='bbox 1686 2977 1750 3026; x_wconf 87' lang='lat' dir='ltr'><strong>ab</strong></span> <span class='ocrx_word' id='word_1_243' title='bbox 1766 2975 1961 3026; x_wconf 86' lang='lat' dir='ltr'><strong>Aetolis</strong></span> <span class='ocrx_word' id='word_1_244' title='bbox 1982 2982 2031 3024; x_wconf 88' lang='lat' dir='ltr'><strong>et</strong></span> <span class='ocrx_word' id='word_1_245' title='bbox 2048 2973 2111 3023; x_wconf 88' lang='lat' dir='ltr'><strong>ab</strong></span> <span class='ocrx_word' id='word_1_246' title='bbox 2130 2972 2260 3024; x_wconf 76' lang='lat' dir='ltr'><strong>Ale·</strong></span> 
     </span>
     <span class='ocr_line' id='line_1_34' title="bbox 397 3042 2261 3109; baseline -0.003 -13"><span class='ocrx_word' id='word_1_247' title='bbox 397 3059 612 3096; x_wconf 81' lang='lat' dir='ltr'><strong>xameno</strong></span> <span class='ocrx_word' id='word_1_248' title='bbox 651 3046 780 3098; x_wconf 90' lang='lat' dir='ltr'><strong>duce</strong></span> <span class='ocrx_word' id='word_1_249' title='bbox 803 3061 980 3098; x_wconf 88' lang='lat' dir='ltr'><strong>corum</strong></span> <span class='ocrx_word' id='word_1_250' title='bbox 1015 3045 1309 3096; x_wconf 83' lang='lat' dir='ltr'><strong>interfectus</strong></span> <span class='ocrx_word' id='word_1_251' title='bbox 1346 3053 1442 3096; x_wconf 89' lang='lat' dir='ltr'><strong>est.</strong></span> <span class='ocrx_word' id='word_1_252' title='bbox 1500 3045 1671 3096; x_wconf 87' lang='lat' dir='ltr'><strong>Aetoli</strong></span> <span class='ocrx_word' id='word_1_253' title='bbox 1698 3060 1901 3109; x_wconf 85' lang='lat' dir='ltr'><strong>quoque</strong></span> <span class='ocrx_word' id='word_1_254' title='bbox 1932 3044 1995 3094; x_wconf 87' lang='lat' dir='ltr'><strong>ab</strong></span> <span class='ocrx_word' id='word_1_255' title='bbox 2028 3042 2261 3092; x_wconf 85' lang='lat' dir='ltr'><strong>amicitia</strong></span> 
     </span>
     <span class='ocr_line' id='line_1_35' title="bbox 397 3109 2260 3181; baseline -0.004 -15"><span class='ocrx_word' id='word_1_256' title='bbox 397 3115 575 3181; x_wconf 88' lang='lat' dir='ltr'><strong>populi</strong></span> <span class='ocrx_word' id='word_1_257' title='bbox 592 3114 807 3166; x_wconf 87' lang='lat' dir='ltr'><strong>Romani</strong></span> <span class='ocrx_word' id='word_1_258' title='bbox 841 3115 1156 3170; x_wconf 69' lang='lat' dir='ltr'><strong>defeceruntz</strong></span> <span class='ocrx_word' id='word_1_259' title='bbox 1191 3131 1307 3166; x_wconf 87' lang='lat' dir='ltr'><strong>cum</strong></span> <span class='ocrx_word' id='word_1_260' title='bbox 1325 3114 1509 3180; x_wconf 88' lang='lat' dir='ltr'><strong>quibus</strong></span> <span class='ocrx_word' id='word_1_261' title='bbox 1525 3116 1767 3166; x_wconf 84' lang='lat' dir='ltr'><strong>societate</strong></span> <span class='ocrx_word' id='word_1_262' title='bbox 1785 3114 1953 3164; x_wconf 88' lang='lat' dir='ltr'><strong>iuncta</strong></span> <span class='ocrx_word' id='word_1_263' title='bbox 1970 3109 2260 3162; x_wconf 79' lang='lat' dir='ltr'><strong>Antiochus</strong></span> 
     </span>
     <span class='ocr_line' id='line_1_36' title="bbox 399 3181 2261 3250; baseline -0.002 -17"><span class='ocrx_word' id='word_1_264' title='bbox 399 3181 574 3250; x_wconf 71' lang='lat' dir='ltr'><strong>Syriae</strong></span> <span class='ocrx_word' id='word_1_265' title='bbox 591 3200 696 3246; x_wconf 86' lang='lat' dir='ltr'><strong>rex,</strong></span> <span class='ocrx_word' id='word_1_266' title='bbox 732 3200 846 3235; x_wconf 88' lang='lat' dir='ltr'><strong>cnm</strong></span> <span class='ocrx_word' id='word_1_267' title='bbox 862 3185 1052 3234; x_wconf 88' lang='lat' dir='ltr'><strong>bellum</strong></span> <span class='ocrx_word' id='word_1_268' title='bbox 1076 3183 1319 3235; x_wconf 88' lang='lat' dir='ltr'><strong>Graeciae</strong></span> <span class='ocrx_word' id='word_1_269' title='bbox 1338 3183 1611 3250; x_wconf 86' lang='lat' dir='ltr'><strong>intulisset,</strong></span> <span class='ocrx_word' id='word_1_270' title='bbox 1630 3185 1915 3250; x_wconf 83' lang='lat' dir='ltr'><strong>complures</strong></span> <span class='ocrx_word' id='word_1_271' title='bbox 1930 3181 2085 3232; x_wconf 83' lang='lat' dir='ltr'><strong>urbes</strong></span> <span class='ocrx_word' id='word_1_272' title='bbox 2102 3193 2261 3232; x_wconf 74' lang='grc' dir='ltr'>οωιι-</span> 
     </span>
     <span class='ocr_line' id='line_1_37' title="bbox 399 3249 2261 3317; baseline -0.002 -16"><span class='ocrx_word' id='word_1_273' title='bbox 399 3254 568 3317; x_wconf 84' lang='lat' dir='ltr'><strong>pavit,</strong></span> <span class='ocrx_word' id='word_1_274' title='bbox 597 3254 728 3304; x_wconf 87' lang='lat' dir='ltr'><strong>inter</strong></span> <span class='ocrx_word' id='word_1_275' title='bbox 751 3269 877 3317; x_wconf 84' lang='lat' dir='ltr'><strong>quas</strong></span> <span class='ocrx_word' id='word_1_276' title='bbox 895 3252 1185 3304; x_wconf 73' lang='lat' dir='ltr'><strong>Chalcidem</strong></span> <span class='ocrx_word' id='word_1_277' title='bbox 1216 3261 1266 3303; x_wconf 92' lang='lat' dir='ltr'><strong>et</strong></span> <span class='ocrx_word' id='word_1_278' title='bbox 1282 3259 1457 3303; x_wconf 87' lang='lat' dir='ltr'><strong>·totam</strong></span> <span class='ocrx_word' id='word_1_279' title='bbox 1481 3253 1759 3304; x_wconf 83' lang='lat' dir='ltr'><strong>Euboeam.</strong></span> <span class='ocrx_word' id='word_1_280' title='bbox 1806 3267 1891 3302; x_wconf 88' lang='lat' dir='ltr'><strong>res</strong></span> <span class='ocrx_word' id='word_1_281' title='bbox 1906 3255 2185 3317; x_wconf 76' lang='lat' dir='ltr'><strong>praeterea</strong></span> <span class='ocrx_word' id='word_1_282' title='bbox 2200 3249 2261 3298; x_wconf 82' lang='lat' dir='ltr'><strong>in</strong></span> 
     </span>
     <span class='ocr_line' id='line_1_38' title="bbox 367 3319 2007 3389; baseline -0.001 -21"><span class='ocrx_word' id='word_1_283' title='bbox 367 3321 373 3326; x_wconf 79' lang='grc'><strong>’</strong></span> <span class='ocrx_word' id='word_1_284' title='bbox 397 3320 669 3388; x_wconf 79' lang='lat' dir='ltr'><strong>Liguribus</strong></span> <span class='ocrx_word' id='word_1_285' title='bbox 688 3330 859 3387; x_wconf 84' lang='lat' dir='ltr'><strong>gestas</strong></span> <span class='ocrx_word' id='word_1_286' title='bbox 880 3329 929 3372; x_wconf 85' lang='lat' dir='ltr'><strong>et</strong></span> <span class='ocrx_word' id='word_1_287' title='bbox 947 3330 1247 3389; x_wconf 79' lang='lat' dir='ltr'><strong>apparatum</strong></span> <span class='ocrx_word' id='word_1_288' title='bbox 1271 3319 1397 3372; x_wconf 85' lang='lat' dir='ltr'><strong>belli</strong></span> <span class='ocrx_word' id='word_1_289' title='bbox 1415 3323 1478 3372; x_wconf 92' lang='lat' dir='ltr'><strong>ab</strong></span> <span class='ocrx_word' id='word_1_290' title='bbox 1497 3321 1746 3372; x_wconf 84' lang='lat' dir='ltr'><strong>Antiocho</strong></span> <span class='ocrx_word' id='word_1_291' title='bbox 1770 3321 2007 3372; x_wconf 80' lang='lat' dir='ltr'><strong>eontinet.</strong></span> 
     </span>
    </p>
   </div>
   <div class='ocr_carea' id='block_1_9' title="bbox 299 3395 2265 3580">
    <p class='ocr_par' dir='ltr' id='par_1_9' title="bbox 299 3395 2265 3580">
     <span class='ocr_line' id='line_1_39' title="bbox 461 3395 2259 3499; baseline 0.002 -21"><span class='ocrx_word' id='word_1_292' title='bbox 461 3417 507 3483; x_wconf 94' lang='lat' dir='ltr'><strong>I.</strong></span> <span class='ocrx_word' id='word_1_293' title='bbox 538 3395 867 3496; x_wconf 64' lang='lat' dir='ltr'><strong>&#39;Principio</strong></span> <span class='ocrx_word' id='word_1_294' title='bbox 897 3423 1038 3482; x_wconf 85' lang='lat' dir='ltr'><strong>anni</strong></span> <span class='ocrx_word' id='word_1_295' title='bbox 1070 3439 1191 3497; x_wconf 86' lang='lat' dir='ltr'><strong>quo</strong></span> <span class='ocrx_word' id='word_1_296' title='bbox 1221 3423 1377 3484; x_wconf 85' lang='lat' dir='ltr'><strong>haec</strong></span> <span class='ocrx_word' id='word_1_297' title='bbox 1404 3430 1579 3499; x_wconf 83' lang='lat' dir='ltr'><strong>gesta</strong></span> <span class='ocrx_word' id='word_1_298' title='bbox 1608 3429 1766 3497; x_wconf 87' lang='lat' dir='ltr'><strong>sunt,</strong></span> <span class='ocrx_word' id='word_1_299' title='bbox 1814 3421 1958 3482; x_wconf 87' lang='lat' dir='ltr'><strong>Sex.</strong></span> <span class='ocrx_word' id='word_1_300' title='bbox 1990 3420 2259 3497; x_wconf 85' lang='lat' dir='ltr'><strong>Digitius</strong></span> 
     </span>
     <span class='ocr_line' id='line_1_40' title="bbox 299 3503 2265 3580; baseline 0.001 -20"><span class='ocrx_word' id='word_1_301' title='bbox 299 3509 543 3577; x_wconf 83' lang='lat' dir='ltr'><strong>praetor</strong></span> <span class='ocrx_word' id='word_1_302' title='bbox 583 3504 642 3562; x_wconf 91' lang='lat' dir='ltr'><strong>in</strong></span> <span class='ocrx_word' id='word_1_303' title='bbox 684 3503 983 3578; x_wconf 83' lang='lat' dir='ltr'><strong>Hispania</strong></span> <span class='ocrx_word' id='word_1_304' title='bbox 1031 3507 1311 3568; x_wconf 88' lang='lat' dir='ltr'><strong>citeriore</strong></span> <span class='ocrx_word' id='word_1_305' title='bbox 1366 3523 1504 3567; x_wconf 89' lang='lat' dir='ltr'><strong>cum</strong></span> <span class='ocrx_word' id='word_1_306' title='bbox 1549 3507 1889 3569; x_wconf 85' lang='lat' dir='ltr'><strong>civitatibus</strong></span> <span class='ocrx_word' id='word_1_307' title='bbox 1930 3507 2035 3580; x_wconf 75' lang='lat' dir='ltr'><strong>iia,</strong></span> <span class='ocrx_word' id='word_1_308' title='bbox 2088 3519 2265 3580; x_wconf 73' lang='lat' dir='ltr'><strong>quae</strong></span> 
     </span>
    </p>
   </div>
  </div>
 </body>
</html>
