2548 3950
332 202 456 265 328
589 201 819 263 LIBER
846 200 1164 260 xxxvm.
1213 199 1378 260 CAP.
1411 208 1497 260 12.
1524 207 1609 262 13.
1654 200 1728 279 [a.
1755 204 1819 257 U.
1844 221 1892 257 e.
1915 202 2038 279 563]

338 370 408 415 se
442 354 747 415 Gallorum
790 352 987 426 copiis
1018 351 1171 412 sore.
1241 351 1574 410 Eumenem
1601 350 1768 411 haud
1795 350 1854 409 in
1883 357 2162 425 tempore
2190 352 2293 411 ab-

336 453 481 499 esse
503 469 590 481 —-
609 438 845 499 Romae
872 442 999 496 tum
1030 440 1161 495 erat
1177 467 1265 479 —-
1285 433 1539 495 credere
1567 435 1810 505 consul,
1841 448 2098 508 gnarum
2125 436 2291 495 loeo-

337 538 470 581 rum
520 520 961 595 hominumque
976 562 993 593 ,
1043 527 1103 579 ct
1152 518 1330 579 cuius
1379 518 1702 578 interesset
1749 517 1945 592 frangi
1988 518 2292 579 Gallorum

338 619 513 680 opes.
556 604 835 667 Attalum·
849 602 1031 677 igitur
1050 603 1298 662 tratrem
1319 602 1453 661 eius
1477 602 1738 663 arcessit
1755 617 1794 661 a
1812 599 2126 677 Pergamo,
2152 601 2290 663 hor-

337 696 622 763 tatusque
643 688 726 749 ad
756 685 1209 763 capessendum
1230 700 1441 747 secum
1463 685 1688 746 bellum
1713 683 2100 759 pollicentem
2121 701 2291 747 suam

339 786 717 846 suorumque
768 786 1023 845 operam
1080 769 1334 830 domum
1381 770 1464 829 ad
1513 769 1990 845 comparandum
2039 769 2290 831 dimittit.

337 869 576 931 paucos
620 860 766 931 post
803 854 939 915 dies
975 854 1255 929 profecto
1283 853 1366 913 ab
1391 852 1642 927 Epheso
1672 852 1910 913 consuli
1937 852 2018 913 ad
2045 852 2292 928 Magne-

336 937 493 1001 siam
518 938 785 1000 occurrit
800 938 1043 998 Attalus
1072 953 1211 998 cum
1238 935 1404 996 mille
1434 934 1760 1012 peditibus,
1791 934 2096 1013 equitibus
2121 936 2264 1012 quin
2277 970 2292 978 ·

336 1024 539 1099 gentis
552 1066 571 1098 ,
611 1021 933 1083 Athenaeo
977 1022 1163 1083 flutre
1202 1020 1378 1081 iusso
1423 1036 1562 1081 oum
1597 1018 1822 1082 ceteris
1853 1020 2050 1096 copiis
2077 1020 2290 1083 sahse-

339 1108 475 1184 qui,
518 1106 945 1167 commendata
972 1104 1047 1166 iis
1078 1102 1666 1180 custodia‘Pergami
1695 1118 1854 1180 quos
1885 1104 2052 1165 tratri
2075 1120 2292 1180 regno·

339 1205 462 1266 que
482 1190 645 1251 fldos
664 1188 975 1251 credebat.
1006 1190 1223 1249 consul
1247 1188 1594 1250 collaudato
1615 1188 1997 1249 iuvene=eum
2010 1187 2295 1251 omnibns

337 1272 537 1349 copiis
567 1273 647 1333 ad
668 1270 1065 1332 Maeandrum
1092 1286 1467 1347 progressus
1491 1280 1694 1333 castra
1712 1272 1938 1347 posuit,
1967 1272 2110 1348 quia
2125 1271 2294 1333 vado

338 1357 619 1433 superari
658 1356 855 1416 amnis
894 1372 1020 1417 non
1056 1362 1308 1432 poterat
1327 1362 1396 1416 et
1423 1355 1877 1417 contrahendae
1902 1370 2098 1415 naves
2123 1364 2296 1416 exunt

340 1442 421 1501 ad
470 1440 801 1501 exercitum
856 1440 1277 1501 traiciendum.
1345 1440 1719 1513 transgressi
1759 1438 2167 1499 Maeandrum
2215 1442 2294 1500 ad

337 1524 562 1585 Hieran
614 1523 839 1585 Comen
884 1529 1324 1598 pervenerunt.
1393 1522 1550 1583 xm.
1592 1524 1802 1583 fanum
1842 1522 1924 1583 ibi
1959 1532 2298 1597 augustum

337 1606 643 1681 Apollinis
693 1613 754 1667 et
794 1610 1139 1669 oraculum:
1195 1615 1398 1670 sortes
1436 1606 1722 1667 versibus
1745 1606 1938 1667 -haud
1963 1606 2296 1667 inconditis

337 1691 487 1750 dare
535 1697 713 1751 vates
752 1690 1053 1752 dicuntur.
1114 1689 1261 1751 hine
1307 1690 1514 1751 alteris
1565 1690 1783 1753 castris
1833 1690 1914 1751 ad
1951 1690 2300 1766 Harpasum

338 1773 569 1833 flumen
596 1779 957 1847 perventum
986 1782 1113 1845 est3
1160 1791 1284 1850 quo
1314 1774 1496 1849 legati
1517 1774 1596 1835 ab
1615 1772 1958 1835 Alabandis
1971 1782 2300 1848 venerunt,

337 1863 405 1917 ut
436 1856 604 1932 quod
648 1857 964 1917 castellum
1004 1858 1083 1918 ab
1113 1858 1269 1933 ipsis
1300 1870 1496 1933 nuper
1525 1858 1860 1931 descisset,
1881 1864 2010 1918 aut
2031 1857 2302 1919 auetori-

338 1944 459 2002 tate
494 1946 601 2002 aut
629 1939 813 2001 armis
844 1948 1094 2017 cogeret
1118 1940 1255 2004 iura
1283 1941 1534 2018 antiqua
1561 1942 1707 2017 pati.
1773 1942 1988 2004 eodem
2019 1948 2084 2002 et
2099 1940 2298 2002 Athe-

336 2040 531 2086 naeus
581 2023 873 2086 Eumenis
922 2033 984 2086 et
1022 2027 1208 2087 Attali
1261 2027 1446 2088 frater
1493 2041 1634 2086 cum
1674 2025 1948 2088 Cretensi
1988 2025 2194 2088 Leuso
2235 2033 2304 2087 et

336 2108 605 2184 Corrago
628 2108 968 2170 Macedone
994 2111 1190 2170 venit=
1232 2110 1396 2171 mille
1421 2109 1658 2186 pedites
1679 2109 2002 2170 mixtarum
2024 2109 2304 2184 gentium

336 2198 397 2251 et
436 2197 749 2254 trecentos
790 2193 1027 2268 equites
1068 2210 1284 2254 secum
1325 2194 1732 2255 adduxerunt.
1809 2195 2026 2258 consul
2055 2193 2304 2255 tlibuno

334 2273 588 2338 militum
631 2276 822 2339 misso
864 2292 1003 2338 eum
1036 2277 1283 2338 modica
1307 2293 1492 2340 manu
1521 2278 1838 2339 castellum
1865 2277 1928 2339 vi
1956 2277 2148 2354 cepit,
2197 2293 2308 2338 ca·

334 2365 505 2432 ptum
531 2360 1073 2422 Alabandensibus
1098 2361 1320 2424 reddit.
1375 2361 1528 2437 ipse·
1542 2361 1690 2423 nihil
1715 2362 1823 2422 via
1847 2362 2189 2438 degressus
2219 2359 2308 2422 ad

334 2441 719 2504 Antiochiam
748 2459 939 2519 super
962 2444 1320 2506 Meandrum
1350 2459 1588 2506 amnem
1616 2444 1827 2522 posuit
1854 2453 2071 2507 castra.
2113 2445 2306 2505 huius

335 2524 533 2586 amnis
590 2527 793 2588 fontes
850 2527 1126 2589 Celaenis
1185 2529 1480 2590 oriuntur.
1551 2529 1850 2592 Celaenae
1906 2529 2056 2591 urbs
2113 2535 2308 2603 eaput

335 2609 648 2682 quondam
668 2609 973 2690 Phrygiae
1001 2611 1141 2672 mit:
1183 2613 1502 2688 migratum
1532 2611 1674 2673 inde
1698 2612 1864 2673 haud
1893 2614 2105 2689 procul
2131 2619 2304 2672 vete-

332 2690 505 2750 ribus
538 2691 849 2767 Celaenis,
890 2709 1218 2769 novaeque
1256 2695 1395 2756 urbi
1421 2696 1738 2772 Apameae
1776 2711 2001 2758 nomen
2042 2696 2306 2758 inditum

334 2771 411 2831 ab
441 2774 684 2847 Apama
710 2791 927 2836 sorore
956 2777 1200 2838 Seleuci
1227 2779 1414 2854 regis.
1486 2786 1547 2840 et
1571 2779 1858 2858 Marsyas
1887 2781 2102 2855 amnis,
2129 2779 2306 2839 haud

335 2858 549 2929 procul
581 2873 619 2916 a
645 2856 961 2919 Maeandri
1006 2859 1277 2922 fontibus
1319 2862 1556 2938 oriens,
1599 2865 1662 2924 in
1688 2863 2084 2926 Maeandrum
2113 2862 2306 2934 eadit,

334 2939 621 3016 famaque
658 2938 745 3002 ita
781 2949 974 3016 tenet,
1016 2943 1294 3004 Celaenis
1321 2945 1614 3024 Marsyan
1645 2963 1783 3008 cum
1808 2947 2098 3024 Apolline
2122 2945 2304 3006 tibia-

331 3038 466 3084 rum
510 3032 687 3086 cantu
721 3032 1013 3088 certasse.
1073 3027 1410 3090 Maeander
1437 3045 1517 3090 ex
1559 3045 1705 3092 arce
1739 3047 1980 3093 summa
2005 3029 2305 3092 Celaena-

331 3123 465 3166 rum
519 3113 723 3184 orme,
772 3111 973 3174 media
1012 3111 1167 3172 urbe
1204 3113 1573 3189 dacum-ene,
1630 3130 1744 3190 per
1783 3114 1993 3176 Caras
2015 3112 2304 3188 primum,

332 3189 558 3250 deinde
584 3193 767 3254 Ionas
806 3194 868 3254 in
910 3195 1115 3256 sinum
1141 3197 1329 3258 maris
1355 3197 1588 3273 editur,
1629 3198 1736 3273 qui
1763 3199 1924 3260 inter
1948 3197 2208 3258 Prienen
2239 3203 2310 3256 et

328 3269 599 3334 Miletum
640 3283 757 3336 est.
820 3277 900 3338 ad
926 3277 1314 3340 Antiochiam
1343 3279 1407 3341 in
1447 3289 1651 3342 castra
1692 3281 1966 3342 consulis
1997 3281 2306 3342 Seleucus

328 3356 619 3418 Antiochi
647 3358 829 3432 fllius,
861 3376 940 3420 ex
971 3361 1235 3423 foederex
1254 3363 1376 3424 icto
1407 3379 1547 3425 cum
1579 3363 1888 3442 Scipione,
1918 3366 2000 3426 ad
2030 3366 2302 3424 frumen·

331 3441 455 3495 tum
493 3441 786 3502 exercitui
828 3443 1099 3504 dandum
1128 3444 1314 3506 venit.
1382 3463 1576 3524 parva
1603 3447 1970 3524 disceptatio
2003 3449 2082 3508 de
2109 3445 2308 3510 Attali
