2548 3950
359 275 486 339 226
679 272 912 335 LIBER
938 272 1209 334 XXXVI.
1251 270 1420 333 CAP.
1446 280 1502 335 6.
1524 276 1579 336 7.
1622 276 1695 346 [ιι.
1720 276 1791 329 U.
1815 293 1865 329 ο.
1886 275 2015 345 561}

356 436 479 501 ret,
511 424 773 486 navibus
802 439 878 484 eo
910 424 991 484 ad
1023 422 1184 484 diem
1214 423 1507 485 indictum
1536 420 1796 485 concilio
1826 420 2007 484 venit.
2050 430 2113 484 et
2138 424 2351 501 Amy-

357 510 596 571 nander
624 509 858 585 accitus
887 508 968 569 ad
1008 507 1481 569 consultandum
1522 522 1605 567 ex
1630 506 2031 576 Athamania;
2078 512 2140 568 et
2166 508 2345 568 Han-

356 595 523 654 nibal
549 593 827 666 Poenus,
855 592 975 652 iam
1005 591 1113 652 diu
1139 608 1262 653 non
1295 590 1634 667 adhibitus,
1662 592 1935 652 interfuit
1960 591 2017 651 ei
2049 591 2343 653 consilio.

361 678 772 739 consultatum
803 677 882 736 de
907 675 1346 737 Thessalorum
1371 681 1555 751 gente
1583 682 1707 751 est,
1753 690 2016 751 quorum
2046 674 2345 737 omnibus

360 763 467 837 qui
509 760 765 821 aderant
803 761 1089 820 voluntas
1130 760 1487 836 temptanda
1522 758 1864 822 videbatur.
1932 760 1993 819 in
2035 774 2113 820 eo
2142 761 2345 821 modo

358 842 645 905 diversae
673 844 1011 905 sententiae
1051 850 1255 920 erant,
1300 842 1468 919 quod
1508 843 1609 903 alii
1650 845 1962 919 extemplo
2004 844 2339 917 agendum,

359 928 462 989 alii
490 944 569 989 ex
597 927 827 1002 hieme,
872 944 1034 1003 quae
1074 934 1201 989 tum
1244 929 1437 988 ferme
1479 926 1683 987 media
1711 934 1870 1002 erat,
1924 924 2344 988 differendum

359 1014 419 1072 in
449 1013 614 1073 veris
643 1011 1027 1089 principium,
1058 1020 1121 1073 et
1148 1011 1251 1071 alii
1273 1012 1511 1087 legatos
1533 1012 1953 1072 tantummodo
1978 1010 2337 1081 mittendo&

362 1097 465 1158 alii
507 1112 644 1157 curn
687 1095 971 1158 omnibus
1014 1096 1213 1170 copiis
1255 1096 1528 1157 eundum
1570 1096 1937 1170 censebant,
1974 1095 2337 1156 terrendos-

361 1195 487 1257 que
529 1185 726 1254 metu,
779 1178 834 1239 si
885 1185 1332 1240 cunctarentur.
1403 1179 1535 1238 VII.
1590 1192 1731 1240 eum·
1779 1180 1944 1241 circa
1990 1179 2149 1240 hanc
2199 1180 2343 1240 fere

361 1263 875 1327 consultationem
925 1262 1293 1339 disceptatio
1353 1264 1551 1325 omnis
1600 1271 1971 1338 verteretur,
2022 1261 2337 1324 Hannibal

359 1346 716 1411 nominatim
742 1347 1153 1423 interrogatus
1184 1348 1551 1409 sententiam
1580 1348 1638 1407 in
1669 1348 1943 1408 universi
1983 1346 2127 1413 belli
2157 1347 2335 1423 cogi-

358 1432 651 1503 tationem
678 1446 889 1507 regem
917 1437 1104 1507 atque
1132 1447 1244 1493 eos
1279 1428 1385 1508 qui
1413 1432 1668 1494 aderant
1700 1433 1805 1492 tali
1846 1430 2125 1493 oratione
2150 1446 2333 1491 aver-

358 1518 448 1580 tit.
491 1516 587 1593 „si
615 1532 696 1577 ex
725 1533 849 1592 quo
879 1514 1230 1576 traiecimus
1273 1515 1337 1576 in
1382 1514 1731 1589 Graeciam,
1770 1513 2077 1576 adhibitus
2119 1528 2336 1579 essem

358 1600 424 1663 in
455 1599 808 1674 consilium,
839 1615 980 1660 cum
1009 1600 1088 1659 de
1115 1599 1371 1660 Euboea
1400 1601 1602 1676 deque
1634 1598 1904 1659 Achaeis
1932 1605 1993 1658 et
2020 1598 2098 1657 de
2122 1598 2331 1660 Boeo·

359 1683 444 1747 tia
473 1685 796 1761 agebatur,
851 1682 1110 1743 eandem
1150 1682 1515 1745 sententiam
1554 1680 1855 1743 dixissem
1896 1698 2082 1759 quam
2118 1681 2332 1756 hodie,

362 1785 502 1829 cum
529 1768 607 1828 de
626 1765 939 1828 Thessalis
968 1764 1168 1841 agitur
1185 1812 1201 1839 ,
1232 1766 1453 1827 dicam.
1498 1775 1638 1828 ante
1668 1766 1872 1827 omnia
1889 1762 2235 1842 Philippum
2266 1774 2335 1829 et

347 1852 738 1911 Macedonas
769 1849 832 1910 in
863 1847 1222 1911 societatem
1249 1848 1397 1911 belli
1426 1866 1817 1927 quacumque
1835 1850 2072 1911 ratione
2096 1866 2333 1911 censeo

360 1935 764 1998 deducendos
795 1950 957 1997 esse.
1014 1950 1158 1996 nam
1189 1934 1361 2011 quod
1389 1936 1469 1995 ad
1496 1935 1810 1996 Euboeam
1839 1934 2239 2011 Boeotosque
2269 1943 2332 1995 et

359 2021 695 2082 Thessalos
725 2020 963 2092 attinet,
1008 2017 1115 2094 qui
1145 2018 1397 2080 dubium
1424 2027 1519 2080 est
1548 2019 1723 2094 quin,
1766 2027 1835 2080 ut
1864 2018 2087 2094 quibus
2121 2019 2331 2079 nullae

307 2147 322 2156 .
363 2120 517 2166 suae
565 2102 733 2164 vires
785 2101 938 2177 sint,
987 2103 1421 2178 praesentibus
1460 2103 1769 2165 adulando
1813 2119 2087 2179 semper,
2142 2119 2331 2179 quem

360 2195 588 2250 metum
608 2187 672 2250 in
687 2185 948 2249 consilio
971 2188 1254 2261 habeant,
1269 2187 1491 2248 eodem
1512 2187 1593 2246 ad
1614 2185 2059 2263 impetrandam
2082 2185 2330 2249 veniam

359 2279 635 2334 utanturz
693 2271 874 2334 simul
902 2287 976 2332 ac
1003 2272 1349 2333 Romanum
1393 2271 1727 2332 exercitum
1766 2271 1828 2331 in
1862 2270 2115 2332 Graecia
2153 2271 2327 2331 vide-

359 2356 511 2430 rint,
545 2357 629 2418 ad
658 2362 1025 2418 consuetum
1053 2356 1376 2432 imperium
1407 2371 1480 2417 se
1510 2362 1818 2429 avertant,
1852 2371 1965 2417 nec
1994 2355 2072 2414 iis
2102 2353 2331 2416 noxiae

361 2441 630 2502 futurum
653 2439 732 2502 sit
755 2439 954 2517 quod,
989 2455 1130 2499 cum
1150 2439 1411 2501 Romani
1434 2441 1651 2514 procul
1674 2439 1983 2513 abessent,
2012 2437 2138 2498 vim
2158 2446 2327 2499 tuam

361 2524 707 2601 praesentis
759 2523 1194 2600 exercitusque
1240 2525 1327 2585 tui
1379 2523 1650 2599 experiri
1686 2521 2031 2585 noluerint?
2094 2529 2325 2599 quanto

359 2610 544 2684 igitur
593 2609 762 2684 prius
815 2609 1150 2685 potiusque
1196 2617 1293 2669 est
1334 2608 1681 2683 Philippum
1721 2607 1901 2670 nobis
1950 2607 2327 2682 coniungere

361 2707 546 2768 quam
574 2692 734 2754 hos?
779 2693 883 2766 qui
913 2692 965 2752 si
996 2695 1189 2754 semel
1218 2693 1281 2752 in
1312 2699 1565 2752 'causam
1594 2691 2015 2764 descenderit,
2056 2689 2205 2751 nihil
2233 2690 2323 2749 in-

357 2776 514 2852 tegri
543 2775 809 2836 futurum
839 2774 947 2850 sit,
979 2777 1210 2853 quique
1241 2791 1351 2838 eas
1380 2775 1547 2836 vires
1579 2777 1843 2849 adferat,
1857 2801 1864 2807 ·
1878 2791 2039 2850 quae
2067 2791 2195 2836 non
2222 2789 2323 2834 ae-

360 2859 565 2920 cessio
590 2865 822 2921 tantum
843 2860 926 2921 ad
945 2861 1290 2922 Romanum
1312 2875 1459 2922 esse
1479 2859 1707 2920 bellum
1723 2906 1737 2934 ‚
1770 2860 1885 2920 sed
1906 2875 2022 2935 per
2046 2875 2122 2920 se
2147 2859 2323 2935 ipsae

358 2959 559 3018 nuper
589 2945 894 3006 sustinere
922 2946 1235 3021 potuerint
1263 2945 1598 3005 Romanos.
1641 2943 1763 3004 hoc
1793 2959 1909 3018 ego
1940 2943 2322 3004 adiuncto—

359 3028 521 3089 absit
561 3028 760 3090 verbo⁸
803 3027 1033 3089 invidia
1057 3061 1144 3074 --
1173 3028 1280 3104 qui
1331 3026 1612 3088 dubitare
1661 3027 1741 3086 de
1791 3035 2018 3088 eventu
2064 3025 2318 3103 possim,

361 3126 530 3185 cum,
575 3113 799 3189 quibus
844 3112 1149 3173 adversus
1176 3111 1525 3188 Philippum
1565 3110 1867 3172 valuerint
1896 3110 2186 3185 Romani,
2224 3109 2319 3170 his

357 3211 522 3256 nunc
558 3197 692 3258 fore
719 3196 964 3258 videam
1003 3202 1073 3257 ut
1109 3197 1232 3271 ipsi
1263 3201 1719 3272 oppugnentur.
1760 3193 1997 3267 Aetoli,
2041 3192 2147 3270 qui
2185 3192 2318 3254 Phi·

357 3279 618 3355 lippum,
652 3281 822 3356 quod
843 3281 998 3341 inter
1020 3295 1235 3341 omnes
1266 3285 1525 3356 constat,
1557 3280 1850 3352 vicerunt,
1880 3295 2021 3340 cum
2040 3275 2319 3352 Philippo

357 3362 665 3424 adversus
693 3364 1008 3426 Romanos
1047 3363 1424 3439 pugnabunt.
1486 3362 1892 3441 Amynander
1920 3370 2105 3439 atque
2132 3361 2317 3422 Atha·

355 3461 604 3506 manum
652 3463 840 3521 genS,
889 3463 1152 3523 quorum
1203 3447 1546 3508 secundum
1594 3447 1854 3510 Aetolos
1905 3445 2162 3523 plurima
2210 3444 2319 3506 fuit

357 3543 554 3603 opera
593 3528 654 3588 in
695 3545 770 3590 eo
812 3529 1006 3606 bello,
1058 3527 1381 3592 nobiscum
1424 3531 1689 3595 stabunt.
1752 3529 2075 3608 Philippus
2101 3537 2227 3591 tum
2256 3537 2317 3589 te
