2548 3950
335 224 464 290 234
609 222 841 285 LIBER
867 222 1134 284 XXXVI.
1173 222 1342 283 CAP.
1372 231 1573 286 14.15.
1616 229 1688 297 [a.
1720 227 1789 282 n.
1818 245 1867 280 e.
1896 228 2022 295 ⁵61]

328 378 500 453 regis
515 422 530 449 ,
579 376 825 450 quaein
857 374 1182 450 praesidiis
1213 374 1555 435 deditorum
1583 388 1695 450 per
1722 390 1834 435 eos
1864 375 1999 435 dies
2030 376 2301 451 oppido·

327 478 467 523 rum
495 461 720 532 fuerat,
749 458 1031 533 Philippo
1061 458 1283 519 tradita
1304 458 1438 533 regi
1466 464 1593 519 esta
1636 459 1810 519 fuere
1836 463 2040 519 autem
2069 459 2151 519 ad
2180 460 2305 519 tria

333 545 500 605 milia
525 542 856 603 hominum.
894 543 1115 603 consul
1135 539 1411 601 Larisam
1430 549 1527 601 est
1553 542 1885 617 profectus,
1916 541 2001 601 ibi
2024 541 2103 603 de
2122 558 2301 603 sum·

329 644 432 689 ma
470 626 615 686 belli
655 626 1130 687 consultaturus.
1194 624 1256 685 in
1294 624 1511 685 itinere
1546 623 1625 685 ab
1655 624 1851 685 Cierio
1876 629 1942 685 et
1964 622 2301 701 Metropoli

331 711 514 786 legati
547 710 859 771 tradentes
888 710 1075 769 urbes
1105 724 1254 769 suas
1284 714 1699 769 occurrerunt.
1752 707 2073 783 Philippus
2095 708 2299 771 Atha-

332 810 578 855 manum
607 792 940 869 praecipue
969 788 1229 867 captivis
1257 791 1645 865 indulgenter
1670 789 1911 865 habitiS,
1941 799 2011 853 ut
2036 806 2150 869 per
2178 808 2297 855 eos

331 877 686 939 conciliaret
700 882 963 952 gentem,
983 881 1199 937 nactus
1222 890 1403 949 spem
1412 874 1814 937 Athamaniae
1834 876 2171 949 potiundae
2182 892 2298 939 ex·

331 962 584 1021 ercitum
622 975 700 1024 eo
744 960 948 1032 duxit,
990 958 1349 1034 praemissis
1378 958 1441 1017 in
1471 958 2057 1033 civitatescaptivis.
2120 968 2181 1021 et
2204 959 2301 1021 illi

331 1059 614 1119 magnam
657 1042 1076 1104 auctoritatem
1104 1042 1268 1117 apud
1297 1041 1632 1118 populares
1657 1041 2003 1105 habuerunt
2030 1044 2298 1122 clemen-

329 1129 476 1189 tiam
501 1141 650 1201 erga
679 1141 759 1187 se
783 1126 952 1201 regis
979 1124 1581 1201 munificentiamque
1607 1135 2184 1197 commemorantes;
2230 1134 2301 1189 et

328 1209 747 1288 Amynander,
773 1210 948 1270 cuius
967 1208 1313 1284 praesentis
1334 1208 1625 1271 maiestas
1645 1210 1975 1283 aliquos-in
1996 1210 2122 1271 fide
2143 1226 2297 1271 con-

329 1294 628 1367 tinuisset,
655 1292 906 1367 veruna,
935 1306 1014 1352 ne
1041 1291 1383 1353 traderetur
1404 1291 1684 1369 Philippo
1714 1293 1833 1355 iam
1861 1293 2100 1367 pridem
2126 1294 2301 1356 hosti

328 1384 394 1438 et
412 1377 708 1439 Romanis
737 1378 951 1437 merito
980 1382 1128 1437 tunc
1146 1383 1399 1451 propter
1422 1376 1824 1438 defectionem
1844 1377 2119 1451 infensis,
2151 1394 2303 1439 cum

333 1463 598 1537 coniuge
637 1476 712 1521 ac
749 1460 958 1521 liberis
985 1475 1177 1536 regno
1207 1460 1483 1523 excessit
1506 1458 2017 1536 Ambraciamque
2046 1476 2116 1521 se
2144 1478 2301 1523 con·

331 1546 482 1606 tulit.
547 1545 632 1605 ita
666 1544 1034 1606 Athamania
1085 1544 1283 1605 omnis
1324 1542 1389 1601 in
1428 1543 1526 1603 ius
1565 1543 1991 1621 dicionemque
2029 1544 2303 1622 Philippi

332 1628 661 1690 concessit.
727 1630 944 1689 consul
973 1628 1052 1687 ad
1077 1627 1415 1698 reficienda
1440 1627 1703 1689 maxime
1731 1628 2015 1703 iumenta,
2044 1644 2204 1703 quae
2236 1638 2305 1691 et

333 1711 720 1787 navigatione
744 1719 804 1772 61
829 1718 1052 1786 postea
1076 1710 1393 1772 itineribus
1424 1711 1674 1786 fatigata
1700 1719 1889 1786 erant,
1920 1726 2154 1787 paucos
2176 1712 2301 1773 La-

333 1796 498 1855 risae
524 1800 796 1856 moratus
825 1794 978 1869 dica,
1007 1795 1176 1856 velut
1203 1800 1500 1856 renovato
1528 1794 1774 1855 modica
1795 1795 1997 1869 quiete
2020 1797 2304 1857 exercitu

333 1878 674 1939 cranonem
717 1885 817 1939 est
841 1892 1233 1955 progressus.
1287 1877 1555 1938 venienti
1582 1877 1913 1941 Pharsalus
1940 1886 2001 1939 et
2028 1878 2305 1941 Scotusa

336 1970 396 2024 et
433 1962 668 2026 Pherae
719 1977 1002 2038 quaeque
1051 1962 1114 2024 in
1155 1960 1246 2024 cis
1294 1962 1607 2039 praesidia
1640 1962 1925 2026 Antiochi
1968 1970 2142 2025 erant
2185 1959 2303 2026 'de-

336 2049 574 2109 duntur.
648 2063 727 2106 ex
767 2047 844 2107 iis
884 2046 1268 2122 interrogatis
1284 2093 1301 2120 ‚
1355 2047 1460 2121 qui
1499 2061 1745 2108 manere
1790 2063 2007 2110 secum
2052 2048 2303 2122 vellent,

335 2131 497 2191 mille
537 2131 798 2191 volentis
827 2129 1109 2207 Philippo
1150 2129 1365 2201 tradit,
1404 2137 1645 2192 ceteros
1673 2131 1937 2193 inermes
1965 2132 2305 2196 Demetria—

333 2215 480 2274 dem
517 2214 781 2276 remittit.
833 2213 1164 2275 Proernam
1207 2213 1352 2275 inde
1389 2214 1651 2290 recepit,
1692 2222 1755 2276 ct
1782 2231 1943 2291 quae
1971 2216 2133 2279 circa
2160 2231 2305 2276 eam

331 2300 590 2359 castella
609 2306 801 2360 erant.
832 2299 1060 2360 ducere
1079 2306 1208 2359 tum
1228 2312 1417 2374 porro
1440 2293 1501 2358 in
1524 2299 1725 2360 sinum
1737 2299 2055 2363 Maliacum
2075 2300 2307 2377 coepit.

332 2382 860 2458 appropinquanti
902 2382 1186 2444 faucibus
1227 2397 1420 2458 super
1462 2399 1620 2458 quas
1650 2384 1749 2444 siti
1776 2383 2106 2446 Thaumaci
2126 2394 2305 2462 sunt,

332 2465 584 2526 deserta
621 2466 776 2527 urbe
817 2466 1104 2529 iuventus
1145 2467 1345 2526 omnis
1387 2472 1619 2528 armata
1658 2467 1847 2528 silvas
1876 2476 1939 2530 et
1962 2467 2180 2530 itinera
2207 2470 2303 2530 in-

335 2549 525 2624 sedit,
555 2556 616 2610 61
643 2550 705 2609 in
733 2564 952 2625 agmen
978 2551 1323 2613 Romanum
1352 2565 1433 2610 ex
1460 2551 1882 2626 superioribus
1911 2553 2067 2614 locis
2096 2553 2303 2614 incur-

332 2633 512 2692 savit.
553 2634 772 2695 consul
795 2633 991 2708 primo
1013 2634 1247 2696 mittere
1271 2635 1477 2708 quiex
1501 2636 1850 2712 propinquo
1872 2636 2303 2712 colloquentes

331 2715 711 2777 deterrerent
737 2731 850 2776 eos
881 2733 920 2777 a
939 2717 1044 2778 tali
1065 2718 1303 2778 furore:
1346 2723 1675 2794 postquam
1696 2734 2097 2794 perseverare
2114 2722 2178 2780 in
2204 2722 2303 2782 in·

329 2804 517 2872 cepto
555 2797 734 2870 vidit,
777 2798 1019 2860 tribuno
1065 2815 1202 2862 cum
1231 2800 1492 2862 duorum
1514 2803 1836 2878 signorum
1861 2805 2150 2866 militibus
2182 2806 2303 2866 cir-

327 2881 670 2943 cummisso
713 2882 1052 2945 interclusit
1091 2885 1173 2945 ad
1209 2883 1425 2948 urbem
1454 2886 1567 2946 iter
1594 2888 1871 2963 armatis,
1913 2904 2305 2965 vacuamque

326 2979 471 3024 eam
503 2965 681 3042 cepit.
738 2973 866 3026 tum
895 2968 1160 3028 clamore
1175 2968 1268 3030 -ab
1296 2975 1470 3044 tergo
1500 2977 1717 3046 captae
1744 2971 2171 3047 urbisaudito,
2198 2988 2301 3034 re·

332 3047 692 3123 fugientium
717 3049 993 3126 undique
1013 3066 1093 3112 ex
1113 3053 1287 3114 silvis
1308 3053 1730 3115 insidiatorum
1750 3055 1975 3118 caedes
1998 3056 2162 3119 facta
2182 3064 2299 3118 cst.

333 3129 412 3190 ab
454 3131 814 3196 Thaumacis
861 3137 1053 3196 altero
1102 3136 1204 3198 die
1257 3138 1479 3198 consul
1518 3138 1599 3198 ad
1638 3137 2017 3214 Spercheum
2056 3153 2299 3210 amnem

337 3217 630 3291 pervenit,
666 3218 810 3278 inde
835 3218 1297 3297 Hypataeorum
1322 3235 1509 3294 agros
1537 3223 1818 3284 vastavit.
1936 3259 1943 3264 ·

501 3300 632 3360 XV.
689 3301 838 3362 Cum
863 3301 1019 3364 haec
1045 3303 1413 3378 agebantur,
1459 3304 1745 3366 Chalcide
1774 3312 1907 3370 erat
1930 3309 2299 3388 Antiochus,

331 3381 453 3440 iam
481 3389 607 3442 tum
638 3397 896 3444 cernens
925 3384 1072 3446 nihil
1097 3401 1273 3446 seex
1298 3386 1553 3449 Graecia
1575 3396 1818 3465 praeter
1839 3406 2097 3455 amoena
2121 3393 2301 3472 Chal·

332 3463 473 3522 cide
502 3463 758 3526 hiberna
785 3474 846 3527 et
884 3466 1141 3529 infames
1171 3471 1415 3545 nuptias
1444 3473 1693 3547 petisse.
1763 3481 1907 3538 tunc
1933 3477 2304 3540 Aetolorum
