2548 3950
525 80 558 103 ν’

386 264 510 329 238
672 262 901 323 LIBER
922 262 1191 321 xxxvl.
1238 260 1403 322 cAP.
1428 269 1514 325 ιτ.
1540 268 1625 322 ιε
1671 260 1743 337 [a.
1768 264 1892 318 ue.
1915 259 2042 337 εει]

385 430 634 494 quoque
659 414 960 489 egregius
1005 414 1213 475 titulus
1244 419 1442 485 esset,
1485 411 1799 471 liberatam
1830 427 1869 470 a
1895 410 2183 487 Philippo
2220 419 2379 472 ante

384 514 546 561 nunc
576 498 654 559 ab
680 497 920 558 Aetolis
950 504 1011 557 et
1038 497 1118 557 ab
1141 494 1443 557 Antiocho
1473 485 1751 570 liberare,
1780 506 1991 592 neque
2018 508 2098 554 ea
2120 502 2375 555 tantum

381 586 442 645 in
473 580 810 659 praemium
838 588 1110 641 vestrum
1140 596 1413 655 cessura,
1444 594 1603 655 quae
1633 595 1795 640 nunc
1823 580 1885 638 in
1913 577 2106 676 reglis
2135 580 2373 640 castris

385 674 559 736 sunt;
603 666 719 727 sed
746 665 911 725 illum
943 670 1192 740 quoque
1222 680 1462 725 omnem
1494 670 1851 739 apparatum
1883 663 1988 738 qui
2018 662 2078 721 in
2112 662 2259 723 dies
2293 662 2369 721 ab

381 752 632 828 Epheso
661 754 1073 824 exspectatur,
1120 749 1391 824 praedae
1422 747 1705 821 futurum,
1735 746 1949 807 Asiam
1980 746 2215 806 deinde
2246 746 2367 823 Sy-

383 835 663 907 riamque
705 839 766 892 et
807 830 1011 893 omnia
1047 846 1252 907 usque
1293 833 1375 892 ad
1416 839 1589 892 ortus
1630 829 1783 892 solis
1825 829 2133 890 ditissima
2162 846 2369 905 regna

384 918 645 996 imperio
674 916 953 977 Romano
998 922 1341 992 aperturos.
1417 914 1566 992 quid
1593 914 1819 975 deinde
1848 912 2064 987 aberit,
2094 912 2254 989 quin
2290 916 2367 973 ab

388 999 663 1064 Gadibus
703 1000 786 1061 ad
824 1015 994 1060 mare
1031 1000 1284 1060 rubrum
1316 997 1563 1060 Oceano
1598 998 1741 1059 finis
1769 996 2169 1059 terminemus
2184 1042 2203 1071 ,
2259 997 2365 1073 qui

388 1084 600 1147 orbem
639 1093 937 1146 terrarum
972 1084 1260 1160 amplexu
1290 1083 1451 1156 finit,
1495 1090 1556 1143 et
1584 1098 1764 1143 omne
1791 1082 2129 1143 humanum
2156 1098 2362 1157 genus

388 1167 731 1229 secundum
753 1168 905 1227 deos
929 1182 1155 1227 nomen
1165 1166 1510 1227 Romanum
1532 1172 1899 1227 veneretur?
1924 1164 1989 1225 in
2010 1165 2167 1226 haec
2192 1174 2363 1225 tanta

388 1250 661 1329 praemia
689 1250 912 1329 dignos
935 1255 1148 1327 parate
1168 1248 1429 1326 animoS,
1457 1258 1525 1311 ut
1545 1248 1811 1311 crastino
1836 1247 1938 1309 die
1958 1249 2120 1309 bene
2143 1250 2357 1309 iuvan-

388 1333 552 1399 tibus
582 1332 702 1395 diis
732 1333 866 1396 acie
895 1335 1361 1396 decernamus.“

558 1418 774 1481 XVIII.
830 1419 928 1479 Ab
961 1419 1079 1479 hac
1108 1417 1397 1479 contione
1426 1415 1663 1478 dimissi
1693 1416 1950 1492 militeS,
1993 1418 2360 1494 priusquam

377 1514 658 1580 ‘corpora
687 1510 986 1576 curarent,
1017 1518 1186 1563 arma
1214 1504 1336 1563 tela
1363 1510 1598 1578 parant.
1642 1501 1779 1562 luce
1808 1499 2009 1577 prima
2036 1502 2215 1575 signo
2240 1506 2356 1575 'pu-

394 1603 552 1663 gnae
579 1585 903 1662 proposito
932 1584 1176 1647 instruit
1206 1586 1402 1647 aciem
1432 1586 1677 1661 consul,
1720 1592 1853 1645 arta
1880 1586 2111 1659 fronte,
2139 1586 2355 1647 adna-

394 1678 589 1731 turam
619 1677 680 1730 et
706 1670 1022 1745 angustias
1045 1669 1184 1730 loci.
1228 1685 1342 1731 rex
1362 1678 1693 1747 postquam
1714 1666 1895 1744 signa
1914 1666 2185 1731 hostium
2209 1684 2354 1729 eon·

395 1752 619 1828 spexit,
649 1759 710 1812 et
737 1753 876 1827 ipse
905 1754 1118 1827 copias
1143 1753 1366 1814 educit.
1410 1754 1564 1815 levis
1588 1760 1935 1814 armaturae
1956 1762 2196 1829 partem
2218 1760 2354 1811 ante

395 1836 618 1896 vallum
659 1834 723 1894 in
769 1836 964 1911 primo
1008 1836 1263 1908 locavit,
1314 1845 1439 1899 tum
1480 1837 1892 1899 Macedonum
1932 1837 2155 1911 robur,
2198 1852 2352 1913 quos

397 1918 834 1995 sarisophoros
862 1920 1286 1996 appellabant,
1321 1922 1488 1984 velut
1514 1922 1960 1983 firmamentum
1992 1917 2159 1981 cirea
2185 1920 2351 1996 ipsas

396 2002 768 2066 munitiones
809 2003 1136 2066 constituit.
1205 2005 1303 2064 his
1343 2006 1421 2066 ab
1452 2004 1701 2068 sinistro
1734 2021 1929 2066 cornu
1956 2005 2350 2066 iaculatorum

397 2085 966 2164 sagittariorumque
1007 2096 1067 2148 et
1097 2089 1469 2150 funditorum
1508 2105 1753 2150 manum
1797 2090 1914 2150 sub
1954 2089 2113 2165 ipsis
2141 2086 2348 2149 radici·

396 2171 513 2231 bus
541 2172 765 2232 montis
792 2170 1032 2248 posuit,
1061 2179 1128 2233 ut
1155 2189 1237 2233 ex
1263 2171 1479 2234 altiore
1508 2174 1647 2235 loco
1676 2173 1847 2234 nuda
1874 2174 2069 2234 latera
2094 2170 2348 2232 hostium

397 2257 794 2318 incesserent.
849 2257 926 2316 ab
957 2256 1175 2316 dextro
1203 2253 1647 2318 Macedonibus
1678 2258 1755 2316 ad
1786 2254 1996 2332 ipsum
2025 2255 2347 2316 munimen-

397 2347 597 2400 torum
625 2339 839 2414 finem,
883 2356 1007 2416 qua
1034 2343 1402 2416 loca-usque
1426 2341 1510 2400 ad
1536 2356 1703 2400 mare
1731 2339 1901 2401 invia
1928 2339 2188 2417 palustri
2215 2338 2349 2398 limo

400 2429 462 2482 et
487 2422 884 2498 voraginibus
917 2423 1236 2496 claudunt,
1269 2424 1631 2499 elephantos
1662 2441 1802 2485 cum
1830 2425 2097 2486 adsueto
2128 2421 2345 2500 praesi-

401 2505 502 2565 dio
532 2505 758 2581 posuit,
790 2514 935 2602 post
954 2521 1066 2566 eos
1093 2507 1353 2582 equites,
1382 2515 1511 2568 tum
1532 2507 1777 2571 modico
1801 2507 2126 2570 intervallo
2150 2507 2341 2569 relicto

401 2596 640 2650 ceteras
672 2590 885 2665 copias
914 2589 977 2650 in
1009 2592 1286 2651 secunda
1312 2589 1463 2652 acie
1526 2591 1903 2653 Macedones
1934 2609 2052 2668 pro
2081 2593 2236 2654 vallo
2266 2591 2341 2649 lo-

403 2671 520 2729 cati
538 2671 735 2745 primo
761 2673 941 2732 facile
963 2674 1349 2735 sustinebant
1358 2675 1692 2751 RomanoS,
1718 2676 2076 2752 temptantis
2099 2677 2175 2736 ab
2198 2670 2342 2736 omni

403 2760 573 2827 parte
608 2751 840 2826 adituS,
883 2757 1134 2816 multum
1163 2755 1595 2821 adiuvantibus
1627 2759 1733 2835 qui
1761 2775 1843 2821 ex
1869 2761 2014 2822 loeo
2046 2758 2341 2835 superiore

402 2832 609 2896 fundis
651 2837 818 2897 velut
856 2837 1127 2899 nimbum
1170 2841 1411 2915 glandis
1452 2851 1514 2904 et
1555 2843 1810 2919 sagittas
1854 2845 2039 2906 simul
2067 2860 2141 2905 ac
2167 2843 2339 2903 iacula

400 2919 775 2994 ingerebant.
842 2919 1066 2982 deinde
1107 2931 1174 2983 ut
1213 2925 1407 2987 maior
1446 2942 1565 2988 nec
1605 2928 1726 2988 iam
1766 2928 2091 2989 toleranda
2130 2925 2220 2987 vis
2244 2923 2338 2984 ho-

404 3003 584 3065 stium
624 3003 926 3067 inferebat
953 3021 1051 3080 se,
1093 3007 1256 3092 pulsi
1286 3009 1424 3070 loco
1456 3011 1612 3072 intra
1639 3013 2017 3072 munimenta
2044 3008 2337 3072 subductis

403 3086 720 3150 ordinibus
749 3051 1220 3152 concesseruht'z
1265 3090 1409 3153 inde
1439 3109 1517 3154 ex
1545 3095 1707 3154 vallo
1731 3103 1930 3191 prope
1960 3096 2212 3155 alterum
2230 3093 2337 3150 val·

402 3170 527 3231 lum
567 3171 761 3234 hastis
802 3188 952 3249 prae
993 3189 1064 3236 se
1107 3173 1365 3236 obiectis
1409 3177 1702 3238 fecerunt.
1761 3184 1821 3239 et
1848 3177 1933 3240 ita
1961 3175 2205 3239 modica
2228 3171 2338 3235 alti-

403 3253 551 3314 tudo
593 3255 737 3316 valli
780 3265 936 3329 erat,
979 3265 1047 3318 ut
1074 3263 1136 3318 et
1161 3258 1363 3319 locum
1402 3259 1784 3336 superiorem
1814 3263 1948 3322 suis
1978 3262 2061 3322 ad
2089 3273 2336 3336 pugnan-

407 3335 550 3394 dum
591 3338 941 3413 praeberet,
984 3349 1045 3402 et
1085 3350 1341 3416 propter
1382 3343 1821 3419 longitudinem
1861 3342 2177 3406 hastarum
2214 3341 2313 3402 sub

303 3483 306 3486 ⁴
409 3411 629 3476 ieetum
669 3419 925 3480 haberet
963 3423 1224 3484 hostem.
1297 3425 1467 3487 multi
1510 3434 1739 3488 temere
1774 3428 2113 3490 subeuntes
2138 3427 2337 3486 vallum

410 3497 685 3557 transfixi
716 3509 885 3572 sunt,
930 3509 992 3562 et
1012 3512 1116 3564 aut
1135 3505 1380 3582 incepto
1400 3505 1569 3570 irrito
1592 3509 2007 3572 recessissent
2029 3518 2135 3572 aut
2153 3511 2334 3584 plum
