2548 3950
365 230 499 297 314
694 228 925 312 unsa
951 227 1246 291 xxxvu.
1268 229 1452 333 'cna
1481 236 1570 293 5⁷.
1615 237 1686 303 [a.
1709 236 1780 289 u.
1805 254 1852 289 ο.
1884 236 2010 305 ⁵⁶3]
2057 326 2064 331 ι

364 382 729 447 essetnec
758 386 1015 442 senatus
1044 379 1391 444 consultum
1431 380 1790 456 litteraeque
1817 398 1858 441 a
1885 380 1994 459 Sp,
2024 382 2348 449 Postumio

366 474 657 545 praetore
681 466 743 529 in
764 464 1069 526 Etruriam
1089 462 1320 527 missae
1341 471 1518 535 sunl,
1560 464 2047 543 profectusque
2031 484 2095 527 ιιι
2112 465 2345 544 ffispa-

364 554 534 613 niam
575 558 695 611 est
708 548 773 609 P.
804 544 1017 611 Iunius
1059 554 1441 623 propraetor.
1505 548 1570 607 in
1621 564 1746 623 qua
1795 550 2115 623 provincia
2159 554 2344 627 prius

361 637 682 711 aliquanto
735 644 921 708 quam
970 644 1308 693 successor
1343 630 1604 704 veniret,
1653 632 1723 693 L.
1751 632 2050 697 Aemilius
2085 634 2343 713 PauluS,

364 719 480 797 qui
508 724 731 794 postea
756 729 968 790 regem
992 714 1220 777 Persea
1240 730 1473 790 magna
1492 716 1693 789 gloria
1727 715 1905 792 vicit,
1945 734 2086 779 cum
2125 719 2343 795 priore

360 819 534 865 anno
573 801 741 862 haud
779 814 1085 875 prospere
1107 814 1243 863 ’rem
1264 798 1572 874 gessisset
1585 844 1600 871 ,
1641 801 2031 864 tumultuario
2061 804 2346 866 exercitu

362 887 662 960 collecto,
705 883 899 959 signis
944 884 1192 952 collatis
1212 898 1352 945 cum
1379 883 1688 945 Lusitanis
1719 884 2044 962 pugnavit:
2087 886 2216 949 rusi
2243 890 2342 951 iu·

366 972 621 1047 gatique
648 968 893 1041 hostes,
942 983 1129 1029 caesa
1150 968 1372 1029 decem
1403 974 1542 1029 octo
1572 966 1741 1030 milia
1763 974 2166 1041 armatorum
2211 973 2342 1033 duo

364 1056 535 1115 milia
562 1052 817 1118 trecenti
848 1052 1040 1127 capti,
1082 1059 1148 1113 et.
1172 1057 1376 1111 castra
1405 1058 1777 1127 expugnata.-
1829 1050 2011 1119 huius
2042 1053 2346 1119 victoriae

362 1141 536 1199 fama
558 1135 1012 1212 tranquilliores
1040 1135 1101 1195 in
1126 1134 1428 1213 Hispania
1452 1151 1554 1196 res
1585 1136 1745 1199 fecit.

532 1221 770 1282 Eodem
795 1234 959 1279 anno
988 1225 1131 1281 ante
1156 1218 1322 1281 diem
1351 1220 1594 1282 tertium
1621 1218 1758 1283 Kal.
1789 1220 2102 1291 Ianuarias
2129 1222 2342 1289 Bono-

364 1307 529 1368 niam
557 1303 832 1368 Latinam
874 1302 1177 1365 coloniam
1218 1317 1300 1363 ex
1341 1311 1593 1365 senatus
1639 1306 1921 1366 consulto
1947 1306 2014 1365 L.
2044 1306 2340 1372 Valerius

366 1392 627 1451 Flaccus
656 1387 737 1447 M.
766 1388 989 1450 Atilius
1020 1387 1324 1449 Serranus
1365 1387 1431 1446 L.
1461 1388 1746 1449 Valerius
1775 1390 1992 1465 Tappo
2037 1390 2342 1453 triumviri

368 1476 773 1535 deduxerunt.
836 1471 956 1533 tria
980 1470 1147 1533 milia
1176 1470 1490 1533 hominum
1518 1479 1660 1533 sunt
1688 1473 1980 1536 deducta·
2023 1474 2340 1549 equitibus

364 1565 751 1635 septuagena
772 1554 1003 1631 iugera,
1036 1554 1259 1617 ceteris
1288 1555 1526 1617 colonis
1552 1555 1984 1631 quinquagena
2005 1563 2151 1620 sunt
2173 1559 2338 1619 data.

362 1658 517 1717 ager
558 1650 776 1716 captus
818 1642 899 1701 de
938 1640 1129 1702 Gallis
1166 1638 1338 1701 Boiis
1379 1642 1608 1710 fuerat,
1667 1640 1819 1701 Galli
1859 1640 2096 1702 Tuscos
2139 1658 2342 1717 expu-

363 1727 581 1786 ierant.

534 1808 769 1869 Eodem
810 1821 971 1870 anno
1014 1823 1340 1869 censuram
1375 1808 1550 1869 multi
1589 1817 1652 1871 et
1679 1810 1828 1871 clari
1861 1809 1974 1871 viri
2011 1812 2344 1888 petierunt.

354 1893 531 1969 'quae
558 1908 662 1953 res
690 1898 1003 1968 tamquam
1030 1890 1093 1951 in
1122 1907 1194 1953 se
1224 1908 1440 1968 parum
1465 1894 1675 1968 magni
1704 1894 2052 1957 certaminis
2081 1912 2341 1959 causam

368 1970 649 2051 haberet,
706 1978 886 2038 aliam
937 1979 1390 2039 contentionem
1438 1979 1628 2041 multo
1677 1979 1974 2041 maiorem
2022 1981 2338 2042 excitavit.

371 2063 659 2138 petebant
682 2063 747 2121 T.
779 2061 1091 2136 Quinctius
1118 2059 1493 2124 Flamininus
1519 2061 1584 2120 P.
1617 2062 1934 2125 Cornelius
1965 2063 2068 2124 Cn.
2099 2065 2171 2125 F.
2207 2065 2342 2126 Sci-

364 2147 470 2220 pio
499 2146 570 2206 L..
588 2147 876 2207 Valerius
897 2145 1157 2206 Flaccus
1184 2147 1265 2206 Μ.
1295 2145 1549 2208 Porcius
1581 2147 1730 2208 Cato
1752 2147 1834 2213 M.
1861 2149 2150 2210 Claudius
2175 2149 2340 2209 Mar-

361 2231 561 2292 cellus
589 2230 689 2290 Μ’.
720 2229 957 2290 Acilius
992 2227 1267 2305 Glabrio,
1303 2231 1409 2306 qui
1435 2231 1806 2294 Antiochum
1840 2233 1924 2294 ad
1952 2233 2340 2311 Thermopy·

364 2319 461 2376 1'as
491 2317 877 2388 Aetolosque
911 2314 1239 2376 devicerat.
1305 2314 1366 2373 in
1395 2314 1560 2375 hunc
1583 2315 1884 2390 maxime,
1939 2318 2112 2392 quod
2148 2318 2342 2378 multa

370 2399 681 2474 congiaria
702 2399 1015 2472 habuerat,
1032 2395 1255 2473 quibus
1277 2414 1563 2474 magnam
1591 2408 1826 2474 partem
1847 2401 2165 2462 homi-num
2183 2401 2344 2462 obli-

366 2479 555 2558 garat,
590 2485 767 2543 favor
786 2499 869 2558 po
874 2480 1003 2557 puli
1022 2497 1099 2541 se
1122 2481 1470 2543 inclinabat.
1511 2484 1576 2544 id
1603 2500 1744 2544 cum
1773 2499 1960 2560 aegre
1985 2492 2346 2560 paterentur

368 2574 458 2629 tot
477 2565 739 2640 nobileS‚
766 2580 995 2627 novum
1018 2565 1137 2626 sibi
1156 2565 1466 2628 hominem
1485 2574 1718 2630 tantum
1738 2569 2055 2645 praeferri,
2073 2568 2142 2628 P.
2164 2567 2339 2630 Sem-

369 2651 625 2746 pronius
658 2649 972 2711 Gracchus
1006 2657 1069 2711 et
1094 2649 1159 2710 G.
1184 2649 1327 2712 Sem
1335 2651 1588 2726 pronius
1608 2651 1850 2714 Rutilus
1877 2653 2104 2715 tribuni
2131 2653 2340 2728 plebis

363 2734 422 2793 ei
456 2733 616 2793 diem
648 2733 960 2809 dixerunt,
1003 2735 1169 2810 quod
1209 2736 1511 2810 pecuniae
1548 2737 1757 2812 regiae
1799 2738 2197 2812 praedaeque
2227 2737 2338 2797 ali-

360 2823 669 2895 quantum
694 2825 911 2893 captae
954 2819 1016 2880 in
1047 2818 1336 2880 Antiochi
1382 2821 1604 2882 castris
1653 2837 1858 2898 neque
1912 2823 1974 2882 in
2021 2819 2336 2918 triumpho

360 2903 635 2975 tulisset,
672 2917 879 2978 neque
916 2900 977 2961 in
1014 2901 1320 2963 aerarium
1359 2905 1717 2966 rettulisset.
1775 2905 1950 2968 varia
1985 2904 2339 2966 testimonia

350 2989 707 3062 legatorum
754 2983 1265 3064 tribunorumque
1311 2987 1566 3050 rnilitum
1615 2998 1807 3051 erant.
1865 2990 1949 3052 Μ.
1993 2988 2142 3050 Cato
2192 2997 2342 3050 ante

357 3072 525 3132 :alios
566 3071 745 3132 testis
774 3069 1302 3148 conspiciebatur·
1287 3117 1304 3144 ,
1347 3074 1524 3135 cuius
1571 3075 1992 3136 auctoritatem
2029 3079 2338 3149 perpetuo

356 3163 581 3216 tenore
609 3153 775 3216 vitae
806 3163 1044 3232 partam
1070 3163 1217 3231 toga
1234 3157 1502 3218 eandida
1523 3159 1822 3218 elevabat.
1865 3156 1922 3219 is
1943 3155 2146 3232 testiS,
2171 3171 2340 3233 quae

363 3255 520 3300 vasa
549 3253 737 3300 aurea
767 3247 955 3316 atque
980 3247 1271 3316 argentea
1301 3243 1498 3316 captis
1527 3243 1744 3302 castris
1768 3242 1926 3302 inter
1943 3242 2124 3301 aliam
2155 3255 2334 3316 prae·

358 3323 507 3381 dam
535 3323 768 3398 regiam
794 3323 1085 3396 vidisset,
1128 3339 1205 3384 ea
1244 3341 1317 3386 se
1357 3325 1418 3384 in
1445 3325 1754 3401 triumpho
1782 3325 2049 3402 negabat
2073 3325 2334 3388 vidisse.

366 3413 679 3477 postremo
709 3407 771 3466 in
800 3406 982 3469 huius
1008 3409 1274 3468 maxime
1299 3408 1592 3470 invidiam
1621 3410 1923 3470 desistere
1947 3425 2019 3470 se
2039 3407 2338 3486 petitione

360 3485 611 3548 Glabrio
642 3487 821 3563 dixit,
868 3491 1149 3570 quando,
1193 3489 1364 3566 quod
1403 3490 1566 3554 taciti
1599 3491 2064 3569 indignarentur
2089 3491 2336 3556 nobiles
