2548 3950
375 234 498 300 178
672 233 904 295 LIBER
931 232 1172 294 xxxv.
1219 231 1385 291 CAP.
1416 239 1467 291 2.
1489 237 1545 291 a.
1570 196 1625 293 4‘.
1670 236 1743 305 [a.
1772 235 1841 287 υ.
1866 252 1914 292 0,
1936 236 2064 303 559]

366 386 548 446 nibus
579 385 994 457 decernerent,
1025 382 1104 444 ad
1136 396 1321 456 quam
1350 395 1489 441 cum
1520 379 1770 449 militem
1800 380 1877 441 ab
1908 394 1979 440 se
2012 380 2156 457 ipso
2182 382 2349 443 scri-

367 478 538 545 ptum
589 482 670 527 ex
710 474 964 529 senatus
1015 466 1298 533 consulto
1341 463 1701 538 adiecisset,
1754 464 2005 538 eligeret
2045 479 2129 525 ex
2172 468 2349 527 omni

368 566 624 614 numero
653 566 767 611 sex
796 550 962 611 milia
989 555 1051 611 et
1077 549 1379 610 ducentos
1408 547 1679 623 pedites,
1720 547 1961 623 equites
1988 552 2315 611 trecentos
2332 574 2349 607 ι

369 652 443 697 ea
472 650 542 696 se
569 636 812 710 legione
832 666 919 679 —-
941 649 1080 697 nam
1109 633 1170 693 in
1201 631 1347 692 Sex.
1364 630 1564 707 Digitii
1588 631 1863 693 exercitu
1890 630 2063 694 haud
2082 633 2353 697 multum

369 721 504 797 spei
534 735 678 780 esse
695 750 784 765 -
801 734 933 779 rem
966 723 1301 792 gesturum.
1375 714 1655 778 seniores
1684 730 1913 791 negare
1940 715 2024 777 ad
2052 731 2353 780 rumores

369 822 407 866 a
433 802 686 879 privatis
715 810 943 863 temere
974 802 1034 861 in
1060 800 1317 875 gratiam
1344 800 1803 874 magistratuum
1828 799 2133 861 confictos
2158 816 2349 866 seua-

368 896 468 949 tus
512 887 793 949 consulta
830 885 1116 947 facienda
1155 899 1330 945 esse:
1386 883 1504 943 nisi
1549 882 1716 959 quod
1754 889 1860 951 aut
1900 890 2229 959 praetores
2266 902 2349 946 ex

369 970 703 1049 provinciis
746 970 1086 1032 scriberent
1126 974 1234 1029 aut
1256 966 1441 1043 legati
1465 966 1914 1041 renuntiarent,
1960 967 2113 1030 nihil
2138 977 2347 1033 ratum

368 1055 582 1117 haberi
611 1054 854 1115 debere.
921 1054 975 1113 si
1005 1054 1298 1113 tumultus
1326 1051 1391 1113 iu
1416 1050 1717 1127 Hispania
1742 1058 1929 1126 esset,
1964 1052 2221 1129 placere
2254 1061 2346 1116 tu-

369 1138 728 1199 multuarios
768 1136 988 1198 milites
1031 1143 1204 1197 extra
1230 1135 1465 1195 Italiam
1505 1133 1690 1195 scribi
1719 1151 1757 1195 a
1784 1140 2091 1210 praetore.
2158 1153 2349 1202 mens

371 1238 447 1283 ea
487 1228 742 1282 senatus
780 1221 919 1293 ruit,
963 1226 1028 1281 ut
1067 1218 1130 1279 in
1157 1218 1459 1295 Hispania
1497 1219 1868 1279 tumultuarii
1906 1220 2131 1281 milites
2168 1222 2345 1297 leg&

369 1313 596 1367 rentur.
649 1305 934 1367 Valerius
963 1304 1180 1366 Antias
1223 1310 1285 1367 et
1324 1304 1385 1364 in
1414 1301 1682 1367 Siciliam
1710 1302 2041 1379 navigasse
2070 1304 2345 1367 dilectus

373 1407 563 1453 causa
584 1391 646 1451 G.
669 1390 1028 1451 Flaminium
1055 1387 1285 1463 scribit,
1320 1393 1383 1449 et
1408 1402 1496 1447 ex
1508 1384 1716 1448 Sicilia
1737 1386 2098 1463 Hispaniam
2119 1395 2345 1464 peten-

370 1483 509 1549 tem,
538 1481 904 1551 tempestate
923 1474 984 1534 in
1013 1474 1284 1535 Atricam
1313 1472 1606 1543 delatum,
1639 1486 1834 1547 vagos
1863 1472 2086 1533 milites
2116 1472 2196 1533 de
2230 1489 2347 1534 ex·

371 1559 562 1619 ercitu
587 1559 652 1617 Ρ.
682 1558 955 1619 Africani
996 1563 1381 1619 sacramento
1425 1570 1716 1630 rogasse3
1761 1554 1855 1615 his
1898 1555 2162 1617 duarum
2192 1574 2343 1633 pro-

371 1642 706 1702 vinciarum
735 1642 1056 1703 dilectibus
1083 1641 1325 1701 tertium
1356 1640 1416 1698 in
1443 1639 1745 1715 Hispania
1770 1638 2100 1701 adiecisse..

534 1725 637 1783 111.
674 1723 801 1784 Nec
843 1725 903 1783 in
933 1724 1105 1783 Italia
1137 1725 1390 1799 segnius
1418 1723 1708 1799 Ligurum
1736 1724 1964 1785 bellum
1991 1725 2343 1790 crescebat.

370 1808 542 1869 Pisas
573 1809 694 1869 iam
724 1807 1127 1883 quadraginta
1153 1808 1319 1868 milia
1348 1807 1675 1883 hominum,
1714 1806 2027 1869 adfluente
2057 1809 2347 1886 quotidie

371 1891 752 1954 multitudine
794 1892 874 1951 ad
903 1892 1122 1951 famam
1149 1891 1294 1951 belli
1326 1906 1625 1967 spemque
1655 1892 1954 1968 praedae,
1999 1893 2341 1957 circumse-
2514 1838 2517 1963 4

372 1975 614 2037 debant.
679 1977 982 2038 Minucius
1027 1978 1244 2037 consul
1268 1977 1576 2037 Arretium
1607 1977 1707 2036 die
1735 1993 1921 2052 quam
1948 1977 2235 2040 edixerat
2262 1981 2349 2040 ad
2513 2041 2514 2052 2

372 2061 862 2122 conveniendum
899 2060 1183 2121 militibus
1216 2062 1401 2122 venit.
1474 2060 1618 2120 inde
1649 2061 1948 2136 quadrato
1975 2062 2227 2137 agmine
2258 2063 2343 2124 ad
2512 2055 2515 2174 ff

370 2144 545 2206 Pisas
589 2144 790 2216 duxit;
850 2154 910 2206 et
952 2161 1088 2206 cum
1126 2144 1339 2206 hostes
1382 2161 1504 2207 non
1546 2146 1689 2220 plus
1728 2144 1893 2206 mille
1920 2161 2229 2221 passuum
2261 2148 2341 2208 ab

373 2229 605 2305 oppido
629 2235 796 2290 trans
819 2228 1072 2291 fluvium
1095 2229 1436 2290 movissent
1456 2235 1673 2301 castra,
1692 2230 1907 2290 consul
1929 2230 2145 2291 urbem
2168 2229 2345 2292 haud
2510 2239 2513 2384 ἢ

372 2314 556 2374 dubie
585 2321 890 2374 servatam
917 2314 1183 2375 adventu
1213 2328 1328 2374 suo
1360 2318 1456 2373 est
1482 2312 1819 2387 ingressus.
1864 2321 2120 2389 postero
2150 2314 2259 2374 die
2282 2323 2347 2376 et

370 2397 509 2471 ipse
549 2405 719 2458 trans
749 2396 1003 2459 fluvium
1033 2398 1365 2472 quingente
1452 2411 1619 2456 erme
1645 2411 1873 2472 passus
1903 2397 1984 2457 ab
2010 2395 2191 2460 hoste
2222 2415 2341 2474 po·
2509 2461 2510 2464 ,

372 2481 492 2540 suit
520 2488 740 2542 castra.
799 2481 942 2540 inde
970 2481 1209 2541 levibus
1239 2477 1492 2556 proelis
1522 2496 1559 2542 a
1588 2481 2089 2556 populationibus
2120 2497 2345 2556 agrum
2508 2475 2511 2592 Q

371 2564 681 2624 sociorum
727 2563 1061 2625 tutabatur:
1124 2564 1184 2624 in
1229 2565 1419 2624 aciem
1474 2564 1645 2624 exire
1688 2580 1812 2625 non
1856 2565 2127 2628 audebat
2166 2582 2339 2628 novo

370 2647 556 2705 milite
595 2654 658 2707 et
685 2661 764 2706 ex
793 2647 996 2708 multis
1036 2649 1365 2722 generibus
1394 2647 1704 2710 hominum
1732 2650 2023 2724 collecto,
2065 2650 2339 2711 necdum

370 2735 516 2790 noto
559 2731 708 2790 satis
753 2731 908 2790 inter
946 2746 1046 2802 se,
1091 2739 1156 2792 ut
1197 2731 1391 2792 fidere
1430 2731 1530 2792 alii
1562 2732 1694 2793 aliis
1722 2739 2000 2808 possent.
2058 2733 2336 2809 Ligures
2506 2683 2509 2802 b

369 2812 752 2874 multitudine
800 2813 935 2875 freti
976 2821 1037 2874 et
1075 2814 1136 2875 in
1179 2816 1373 2876 aciem
1404 2815 1679 2889 exibant,
1731 2817 1925 2892 parati
1968 2817 2048 2878 de
2090 2834 2335 2884 summa
2505 2867 2506 2874 ,

367 2911 572 2957 rerum
615 2898 978 2973 decernere,
1021 2907 1082 2960 et
1107 2900 1493 2963 abundantes
1528 2900 1779 2962 militum
1806 2915 2061 2962 numero
2092 2903 2330 2978 passim
2504 2907 2507 3012 ff

369 2982 592 3043 multas
633 2997 857 3043 manus
894 2996 1005 3057 per
1031 2989 1307 3044 extrema
1334 2983 1545 3047 finium
1576 2985 1654 3046 ad
1685 2985 2107 3061 praedandum
2137 2987 2331 3050 mitte-

365 3066 531 3142 bant,
555 3074 776 3128 etcum
800 3073 1014 3128 coacta
1035 3067 1131 3128 vis
1152 3083 1379 3144 magna
1400 3083 1694 3143 pecorum
1718 3068 2120 3146 praedaeque
2142 3079 2331 3148 esset,

367 3157 642 3224 paratum
674 3160 802 3213 erat
844 3151 1248 3227 praesidium,
1294 3167 1408 3226 per
1436 3169 1595 3226 quos
1628 3153 1687 3212 in
1718 3154 1969 3214 castella
1998 3168 2213 3234 eorum
2240 3156 2328 3216 vi·

368 3247 604 3310 cosque
632 3243 933 3310 ageretur.

531 3318 634 3376 IV.
693 3317 842 3378 Cum
890 3319 1118 3380 bellum
1152 3316 1534 3393 Ligustinum
1582 3319 1664 3380 ad
1702 3319 1876 3381 Pisas
1926 3321 2327 3395 constitisset,

375 3400 586 3457 consul
628 3401 777 3457 alter
825 3402 892 3460 L.
925 3400 1240 3462 Cornelius
1268 3401 1503 3462 Merula
1544 3418 1654 3477 per
1695 3409 2003 3468 extremos
2032 3404 2327 3480 Ligurum

367 3474 508 3535 fluis
554 3480 886 3539 exercitum
915 3482 976 3540 in
1007 3499 1219 3558 agrum
1246 3484 1537 3546 Boiorum
1568 3484 1823 3563 induxit,
1852 3487 1957 3548 ubi
1989 3489 2175 3564 longe
2203 3489 2328 3550 alia
