2548 3950
593 145 824 254 LIBER
851 193 1114 253 XXXIII.
1163 193 1328 255 CAP.
1357 203 1444 256 28.
1475 203 1561 256 29.
1608 194 1678 270 [a.
1709 198 1774 252 c.
1807 195 1929 270 196]
2119 191 2237 256 107

261 351 396 413 tatu
439 348 504 402 et
541 339 832 403 obscenis
863 340 984 402 illis
1015 341 1160 404 viris
1194 344 1532 404 fremebant
1561 342 1973 414 interfectum
2020 341 2241 411 animis

262 434 477 488 autem
511 424 898 501 Zeuxippum
927 433 1241 488 auctorem
1271 427 1663 489 destinabant
1690 427 1919 488 caedis.
1970 427 2034 487 in
2065 443 2239 504 prae-

263 508 473 572 sentia
513 508 746 586 placuit
776 511 1217 586 comprehendi
1248 528 1360 572 eos
1386 510 1491 586 qui
1522 511 1701 572 simul
1732 511 2022 585 fuissent,
2052 528 2240 588 quae-

263 593 668 670 stionemque
697 592 902 655 ex‘his
931 594 1162 656 haberi.
1246 594 1351 672 qni
1381 597 1526 657 dum
1556 605 1949 672 quaeruntur,
1977 594 2240 672 Zeuxip·

263 695 390 754 pus
421 684 486 738 et
517 676 826 740 constanti
855 676 1057 739 animo
1091 679 1410 743 avertendi
1450 681 1527 740 ab
1560 697 1631 741 se
1660 679 1929 741 criminis
1960 696 2151 741 causa
2178 678 2241 738 in

265 761 632 824 contionem
661 777 1066 837 progressuS,
1109 780 1316 824 errare
1355 764 1439 826 ait
1480 763 1759 826 homines
1792 764 1899 840 qui
1927 773 2050 826 tam
2078 771 2241 824 atro-

262 862 409 908 cem
442 846 700 907 caedem
727 845 1036 922 pertinere
1067 847 1148 907 ad
1177 847 1318 909 illos
1349 847 1672 910 semiviros
1703 849 2055 920 crederent3
2088 849 2239 909 mul-

265 936 462 1003 taque
492 929 555 990 in
585 945 724 992 eam
766 938 1004 1005 partem
1044 931 1440 1007 probabiliter
1482 939 1969 1007 argumentatuS,
2016 931 2239 1006 quibus

265 1012 460 1074 fidem
511 1015 681 1089 apud
733 1017 1040 1090 quosdam
1082 1015 1227 1076 fecit
1274 1033 1637 1092 numquam,
1690 1014 1745 1075 si
1787 1013 1905 1076 sibi
1948 1013 2239 1076 conscius

267 1105 476 1170 esset,
509 1099 856 1160 oblaturum
885 1115 957 1160 se
983 1099 1351 1162 multitudIni
1380 1099 1831 1162 mentionemve
1861 1098 1995 1161 eius
2028 1095 2239 1160 caedis

267 1181 441 1241 nullo
491 1183 840 1245 lacessente
885 1185 1184 1247 facturum
1229 1184 1442 1247 luisse.
1528 1184 1631 1246 alii
1660 1200 1784 1245 non
1822 1182 2101 1244 dubitare
2129 1181 2238 1242 im-

267 1266 586 1342 pudenter
614 1267 860 1328 obviam
892 1269 1097 1330 eundo
1127 1269 1366 1329 crimini
1394 1268 1815 1345 suspicionem
1843 1266 2055 1329 averti.
2102 1263 2239 1327 torti

260 1367 348 1426 po
363 1357 421 1411 st
447 1351 638 1427 paulo
667 1349 968 1427 insontes,
999 1369 1139 1413 cum
1169 1353 1399 1414 scirent
1426 1351 1550 1428 ipsi
1577 1351 1755 1434 nihil,
1790 1351 2080 1426 opinione
2110 1366 2239 1411 om-

261 1433 444 1496 nium
483 1451 600 1511 pro
638 1433 869 1498 indicio
911 1436 1012 1498 usi
1050 1436 1437 1512 Zeuxippum
1468 1444 1530 1498 et
1554 1435 1937 1496 Pisistratum
1964 1431 2240 1494 nomina-

261 1527 496 1581 verunt
523 1519 691 1581 nullo
723 1519 998 1594 adiect0,
1033 1537 1143 1582 cur
1165 1519 1338 1594 'scire
1370 1519 1700 1596 quicquam
1728 1517 2112 1591 viderentur,
2144 1532 2239 1576 ar-

263 1599 584 1680 gumento.
625 1603 985 1680 Zeuxippus
1016 1611 1218 1666 tamen
1241 1621 1381 1664 cum
1396 1601 1745 1665 Stratonida
1768 1603 2037 1678 quodam
2058 1608 2240 1662 nocte

261 1687 544 1764 perfugit
567 1689 928 1764 Tanagrum,
961 1705 1139 1750 suam
1166 1688 1363 1764 magis
1396 1686 1839 1749 conscientiam
1871 1703 2054 1761 quam
2083 1683 2236 1748 indi·

264 1771 368 1832 ciu
391 1787 438 1830 ιι
465 1770 780 1833 hominum
809 1771 1035 1834 nullius
1064 1772 1156 1834 rei
1185 1771 1579 1834 consciorum
1606 1780 1905 1833 metuens.
1942 1768 2238 1830 Pisistra·

266 1863 368 1916 tus
408 1855 635 1931 spretis
666 1853 974 1920 indicibus
986 1856 1212 1918 Thebis
1244 1856 1485 1918 mansit.
1533 1872 1752 1917 servus
1775 1851 2241 1928 eratZeuxippi,

264 1939 462 2002 totius
493 1939 901 2003 internuntius
931 1949 992 2003 et
1020 1939 1297 2003 minister
1323 1940 1432 2015 rei,
1468 1956 1651 2015 quem
1672 1930 1939 2001 indicem
1960 1936 2240 2000 Pisistra-

262 2032 365 2086 tus
401 2022 624 2086 timens
655 2042 730 2086 eo
762 2025 902 2102 ipso
932 2024 1148 2089 timore
1178 2043 1307 2088 rem
1336 2026 1418 2085 ad
1446 2023 1737 2086 indicium
1766 2023 2081 2100 protraxit.
2148 2020 2241 2081 lit-

253 2116 442 2169 teras
469 2109 550 2168 ad
577 2108 962 2185 Zeuxippum
999 2109 1204 2184 mittit,
1245 2116 1315 2171 ιιι
1342 2126 1588 2169 servum
1620 2106 1941 2171 conscium
1968 2108 2240 2168 tolleret:

263 2206 390 2253 non
429 2200 554 2253 tam
581 2191 874 2254 idoneum
902 2194 983 2254 ad
1013 2195 1335 2255 celandam
1364 2209 1493 2252 rem
1522 2208 1663 2253 eum
1690 2189 1889 2251 videri
1916 2188 2034 2250 sibi
2058 2204 2243 2264 quam

263 2277 348 2337 ad
372 2283 406 2337 a
423 2277 688 2352 gendam
719 2274 918 2339 fucrit.
1001 2277 1118 2340 has
1163 2275 1268 2354 qui
1298 2277 1521 2338 tulerat
1548 2274 1814 2347 litteraS,
1844 2272 2057 2333 iussus
2086 2272 2242 2332 Zeu-

264 2359 468 2437 xippo
501 2361 650 2421 dare
680 2378 863 2438 quam
895 2361 1188 2437 primum,
1233 2359 1380 2436 quia
1420 2376 1544 2421 non
1588 2350 1790 2420 statim
1832 2352 2242 2417 conveniendi

265 2442 403 2505 eius
441 2442 625 2520 copia
653 2445 793 2520 fuit,
836 2444 968 2505 illi
951 2445 1075 2523 ipsi
1105 2462 1322 2520 servo,
1355 2460 1537 2520 quem
1568 2460 1647 2504 ex
1676 2440 1961 2503 omnibus
1991 2436 2241 2501 domino

267 2526 411 2589 fidis
425 2526 646 2590 simum
689 2529 1011 2603 credebat,
1061 2528 1274 2603 tradit,
1320 2536 1381 2591 et
1417 2526 1605 2589 adicit
1642 2545 1681 2588 a
1718 2523 2036 2587 Pisistrato
2067 2524 2147 2584 de
2174 2537 2244 2582 re

265 2628 502 2710 magno
532 2627 724 2689 opere
751 2612 1097 2690 pertinente
1125 2614 1207 2673 ad
1233 2612 1621 2689 Zeuxippum
1652 2627 1819 2673 esse.
1860 2606 2245 2671 conscientia

237 2694 457 2772 ictus,
484 2712 624 2758 cum
665 2698 973 2785 externplo
1015 2696 1374 2759 traditurum
1415 2713 1524 2760 eas
1566 2697 1986 2768 adfirmasset,
2028 2691 2243 2790 aperit,

267 2780 692 2857 perlectisque
715 2771 931 2844 litteris
953 2781 1217 2858 pavidus
1230 2773 1473 2843 Thebas
1495 2780 1719 2857 refugit
1740 2788 1801 2841 et
1822 2780 1905 2841 ad
1926 2776 2245 2853 magistra-

265 2872 368 2925 tus
403 2862 699 2927 indicium
729 2866 943 2927 defert.
989 2874 1050 2928 et
1075 2865 1436 2943 Zeuxippus
1469 2865 1716 2942 quidem
1749 2868 1896 2941 fuga
1923 2860 2089 2924 servi
2113 2876 2243 2921 mo·

267 2957 369 3009 tus
403 2949 859 3025 Anthedonem,
888 2949 1173 3012 tutiorem
1197 2949 1420 3012 exsilio
1446 2951 1651 3011 locum
1674 2958 1862 3020 ratuS‚
1896 2942 2241 3007 concessit

268 3031 349 3091 de
392 3030 712 3096 Pisistrato
757 3032 1022 3110 aliisque
1075 3033 1475 3111 quaestiones
1527 3031 1846 3094 tormentis
1894 3027 2140 3097 habitae
2181 3033 2243 3087 et

266 3124 588 3192 sumptum
619 3118 994 3195 supplicium
1023 3128 1136 3179 est.

439 3202 652 3263 XXIX.
725 3201 1022 3263 Efferavit
1069 3219 1144 3263 ea
1190 3202 1418 3262 caedes
1464 3200 1791 3261 Thebanos
1839 3198 2241 3269 Boeotosque

263 3283 474 3345 omnis
516 3285 599 3345 ad
629 3285 1014 3347 exsecrabile
1045 3285 1256 3346 odium
1284 3286 1732 3354 Romanorum,
1777 3276 2085 3341 credentis
2115 3292 2240 3339 non

274 3365 408 3429 sine
453 3368 714 3433 consilio
757 3368 1149 3446 imperatoris
1191 3366 1454 3430 Romani
1482 3360 1868 3441 Zeuxippum
1898 3359 2239 3439 principem

271 3451 470 3527 gentis
501 3450 566 3513 id
596 3450 834 3513 facinus
867 3452 1208 3514 conscisse.
1277 3451 1361 3513 ad
1387 3449 1805 3512 rebellandum
1838 3462 2043 3523 neque
2070 3444 2237 3505 vires
