2548 3950
535 236 770 297 LIBER
797 235 1123 295 XXXVIII.
1172 235 1340 294 CAP.
1372 243 1424 296 6.
1449 240 1500 297 7.
1549 241 1622 307 [a.
1646 241 1712 291 C.
1741 242 1860 307 189]
2053 237 2180 300 323

217 390 381 450 velut
431 386 655 463 proditi
708 386 787 446 ab
832 386 963 445 suis
1006 382 1329 461 segniores
1371 384 1453 445 ad
1491 385 1765 461 pericula
1807 394 1996 447 erant.
2066 389 2188 449 iam

218 489 399 534 nemo
432 468 874 546 eruptionibus,
904 476 974 529 ut
998 476 1156 542 ante,
1187 469 1250 528 in
1281 467 1579 529 stationes
1601 468 1890 542 hostium,
1921 472 2034 531 sed
2060 470 2186 532 dis·

220 555 403 633 positi
435 568 547 631 per
571 568 781 614 muros
812 559 876 612 et
904 559 1102 613 turres
1132 568 1210 611 ex
1238 558 1369 613 tuto
1399 552 1777 627 pugnabant.
1977 595 1981 598 -

384 638 516 698 VII.
556 636 825 699 Perseus
853 636 960 697 ubi
988 635 1215 697 adesse
1243 637 1501 697 Aetolos
1531 634 1782 710 audivit,
1814 638 2048 698 omissa
2077 640 2184 700 ob·

224 725 466 786 sidione
514 721 719 796 urbiS,
773 735 957 796 quam
1005 720 1436 795 oppugnabat,
1489 720 1900 795 depopulatus
1955 729 2184 784 tantum

218 823 403 883 agros
436 804 870 880 Amphilochia
911 804 1185 865 excessit
1224 811 1410 879 atque
1451 805 1510 863 in
1541 803 1968 865 Macedoniam
2006 804 2184 867 redit.

218 901 279 952 et
304 892 560 951 Aetolos
590 889 734 949 inde
763 888 1046 950 avocavit
1071 887 1390 963 populatio
1421 888 1756 947 maritimae
1785 904 1950 949 orae.
2009 888 2186 951 Pleu-

215 985 384 1037 ratus
412 974 759 1052 Illyriorum
798 988 911 1033 rex
941 987 1080 1032 cum
1110 970 1432 1046 sexaginta
1459 971 1676 1030 lembis
1707 970 2078 1038 Corinthium
2105 974 2185 1033 si-

218 1076 360 1121 num
389 1059 669 1118 invectus
712 1056 1013 1117 adiunctis
1042 1055 1432 1117 Achaeorum
1467 1069 1626 1131 quae
1654 1052 1850 1115 Patris
1879 1064 2054 1117 erant
2081 1072 2188 1117 na-

219 1143 397 1203 vibus
449 1140 749 1202 maritima
787 1140 1064 1202 Aetoliae
1112 1138 1415 1200 vastabat.
1479 1140 1781 1200 adversus
1823 1156 1983 1216 quos
2025 1142 2187 1201 mille

219 1227 424 1288 Aetoli
450 1226 645 1297 missi,
679 1238 1067 1299 quacumque
1098 1239 1167 1283 se
1200 1222 1422 1284 classis
1447 1224 1892 1298 circumegerat
1911 1240 2025 1299 per
2052 1225 2183 1285 lito-

216 1327 352 1372 rum
375 1310 723 1380 amfractus,
742 1307 1127 1378 brevioribus
1150 1307 1384 1367 semitis
1400 1308 1822 1369 occurrebant.
1855 1314 1915 1368 et
1927 1308 2186 1370 Romani

219 1397 297 1457 ad
329 1392 720 1455 Ambraciam
763 1391 1040 1466 pluribus
1081 1392 1237 1469 locis
1281 1390 1610 1467 quatiendo
1653 1390 1945 1451 arietibus
1974 1408 2182 1453 muros

219 1479 597 1553 aliquantum
624 1473 795 1535 urbis
826 1475 1238 1549 nudaverant,
1269 1490 1384 1535 nec
1409 1482 1610 1535 tamen
1639 1481 1964 1551 penetrare
1994 1477 2052 1535 in
2083 1492 2180 1536 ur·

216 1563 356 1621 bem
398 1564 713 1635 poterant:
776 1574 917 1616 nam
957 1565 1016 1617 et
1055 1558 1188 1633 pari
1232 1559 1542 1619 celeritate
1582 1575 1782 1619 novus
1824 1575 1939 1635 pro
1983 1560 2184 1621 diruto

216 1658 431 1705 murus
486 1640 887 1714 obiciebatur,
938 1646 1001 1699 et
1041 1642 1252 1701 armati
1293 1642 1484 1702 ruinis
1522 1650 1947 1719 superstantes
1993 1645 2190 1705 instar

216 1724 576 1787 munimenti
604 1733 793 1785 erant.
846 1723 1051 1801 itaque
1081 1740 1218 1786 eum
1247 1732 1463 1800 aperta
1489 1727 1550 1785 vi
1579 1743 1796 1802 parum
1826 1729 2187 1803 procederet

218 1810 458 1872 consuli
486 1824 606 1883 rea,
638 1808 981 1870 cuniculum
1009 1811 1318 1871 occultum
1342 1811 1536 1871 vineis
1563 1819 1702 1871 ante
1732 1819 2012 1874 contecto
2045 1814 2184 1872 loco

216 1908 403 1971 agere
452 1891 725 1954 instituit.
801 1901 863 1955 et
904 1894 1306 1970 aliquamdiu,
1360 1910 1496 1955 cum
1549 1894 1683 1954 dies
1733 1901 2073 1969 noctesque
2121 1897 2184 1955 in-

217 1994 408 2054 opere
438 1985 678 2051 essent,
726 1994 850 2038 non
883 1979 1082 2054 solum
1114 1979 1231 2038 sub
1260 1985 1424 2037 terra
1455 1978 1758 2038 fodientes
1789 1978 1902 2038 sed
1929 1993 2185 2052 egeren-

217 2071 308 2123 tes
340 2063 517 2124 etiam
540 2063 789 2122 humum
812 2061 1083 2120 fefellere
1104 2061 1364 2122 hostem.
1409 2060 1688 2121 cumulus
1709 2067 1965 2137 repente
1986 2068 2190 2120 terrae

217 2148 493 2207 eminens
536 2145 720 2205 index
763 2143 971 2218 operis
1014 2143 1346 2220 oppidanis
1389 2143 1531 2216 fuit3
1569 2144 2210 2220 pavidiquemeiam·

214 2230 487 2291 subrutis
516 2229 707 2290 mur1s
735 2228 897 2288 saeta
922 2227 983 2286 in
1010 2226 1223 2286 urbem
1258 2227 1356 2286 via
1383 2234 1568 2301 esset,
1606 2227 1842 2288 fossam
1869 2227 2024 2287 intra
2053 2241 2186 2286 mu·

214 2329 351 2375 rum
381 2329 417 2374 e
444 2314 713 2389 regione·
746 2312 881 2373 eius
932 2312 1143 2387 operis
1196 2311 1366 2387 quod
1413 2310 1612 2372 vineis
1665 2318 2011 2373 contectum
2053 2317 2182 2372 erat

216 2398 447 2458 ducere
475 2397 812 2459 instituunt.
880 2396 1053 2456 cuius
1088 2395 1189 2455 ubi
1216 2395 1298 2454 ad
1327 2401 1554 2456 tantam
1582 2394 1958 2457 altitudinem
1989 2412 2179 2472 quan·

215 2489 315 2542 tae
365 2493 510 2542 esse
558 2481 753 2543 solum
805 2479 1075 2541 infimum
1118 2477 1384 2540 cuniculi
1427 2485 1697 2553 poterat,
1751 2489 2178 2556 pervenerunt,

215 2565 455 2627 silentio
484 2565 667 2639 facto,
698 2563 978 2640 pluribus
1008 2563 1164 2625 locis
1188 2576 1336 2624 aure
1359 2562 1622 2637 admota,
1655 2565 1921 2624 sonitum
1944 2564 2178 2625 fodien-

212 2649 364 2712 tium
392 2649 737 2725 captabant.
785 2662 969 2724 quem
996 2647 1102 2709 ubi
1132 2652 1524 2722 acceperunt,
1553 2647 1836 2721 aperiunt
1861 2655 2090 2708 rectam
2115 2648 2179 2708 in

215 2733 563 2795 cuniculum
603 2733 783 2794 viam.
852 2747 969 2792 nec
1010 2731 1123 2793 fuit
1160 2731 1367 2806 magni
1397 2730 1637 2807 operis=
1680 2739 1988 2793 momento
2020 2732 2180 2792 enim

214 2817 296 2876 ad
337 2818 548 2891 inane,
592 2831 904 2891 suspenso
949 2814 1203 2876 furculis
1233 2814 1311 2875 ab
1342 2814 1622 2878 hostibus
1635 2819 1847 2891 muro,
1881 2831 2180 2893 pervene-

209 2907 366 2960 runt.
430 2899 514 2959 ibi
561 2900 908 2962 commissis
949 2897 1243 2978 operibus
1286 2915 1424 2960 cum
1453 2915 1489 2960 e
1517 2901 1693 2961 fossa
1731 2900 1792 2959 in
1837 2900 2181 2961 cuniculum

213 2991 450 3058 pateret
477 2984 619 3057 iter,
653 2984 849 3058 primo
879 2983 1036 3057 ipsis
1065 2983 1451 3045 ferramentis
1467 3029 1482 3057 ,
1516 2982 1741 3058 quibus
1769 2983 1830 3041 in
1862 2997 2052 3057 opere
2077 2982 2182 3044 usi

214 3073 404 3138 erant,
436 3064 577 3123 dein
607 3065 885 3125 celeriter
912 3065 1124 3124 armati
1152 3065 1331 3125 etiam
1363 3065 1700 3126 subeuntes
1731 3067 2030 3126 occultam
2060 3067 2179 3127 sub

211 3157 376 3212 terra
400 3146 723 3209 ediderunt
743 3158 1027 3224 pugnam.
1065 3147 1318 3222 segnior
1339 3147 1562 3208 deinde
1577 3163 1655 3207 ea
1674 3147 1836 3208 facta
1857 3155 1970 3222 est,
1994 3149 2150 3209 inter
2171 3183 2180 3190 ·

211 3229 634 3308 saepientibus
666 3231 1031 3304 cuniculum,
1060 3228 1165 3290 ubi
1195 3231 1438 3305 vellent,
1469 3246 1634 3290 nunc
1663 3229 1874 3292 ciliciis
1900 3240 2174 3307 praeten-

210 3318 291 3377 tis
332 3331 494 3378 nunc
535 3314 771 3376 roribus
796 3313 1019 3390 raptim
1049 3311 1324 3376 obiectis.
1382 3330 1547 3374 nova
1575 3313 1755 3376 etiam
1784 3313 1950 3376 haud
1977 3318 2177 3392 magni

211 3401 423 3477 operis
463 3399 767 3461 adversus
801 3413 914 3459 eos
944 3398 1049 3474 qui
1077 3398 1138 3458 in
1170 3399 1452 3460 cuniculo
1484 3405 1658 3459 erant
1685 3403 2029 3475 excogitata
2054 3415 2180 3462 reS.

212 3485 441 3546 dolium
470 3498 507 3544 a
535 3483 728 3545 fundo
758 3491 1102 3559 pertusum,
1152 3500 1273 3560 qua
1302 3482 1508 3545 fistula
1535 3483 1780 3544 modica
1812 3482 2001 3546 inseri
2028 3501 2174 3561 pos·

1657 3575 1722 3629 21
1743 3569 1770 3600 ¹*
