2548 3950
498 258 730 319 LIBER
755 216 1093 319 xxxvm.
1126 256 1514 319 CAP.18.19.
1550 262 1618 329 [a.
1645 261 1708 313 e.
1736 214 1858 326 189]
2031 254 2156 317 335

203 414 332 467 tum
383 406 679 467 stationes
718 406 1029 467 Romanas
1078 414 1335 481 repente
1385 406 1638 480 invecti,
1693 408 1806 466 sed
1859 406 2176 481 quosdam·

200 489 385 573 etiam
409 497 413 507 '
436 488 809 550 occiderunt.
884 490 988 565 qui
1028 490 1318 550 tumultus
1369 503 1504 548 cum
1528 490 1606 549 »in
1649 496 1850 550 castra
1891 490 2162 564 perlatus

200 579 389 644 esset,
422 572 661 633 effusus
687 580 943 648 repente
972 572 1254 634 omnibus
1285 572 1480 648 portis
1511 570 1818 647 equitatus
1846 574 2161 633 Romanus

198 654 361 717 fudit
384 656 738 730 fugavitque
770 656 1009 729 Gallos,
1054 662 1115 715 et
1141 655 1376 731 aliquot
1403 655 1690 730 fugientis
1719 655 1963 717 occidit:
2019 656 2164 715 inde

200 739 449 812 consul,
489 746 560 799 ut
598 740 703 814 qui
732 740 851 800 iam
882 740 962 799 ad
987 738 1185 799 hostis
1213 746 1572 815 perventum
1603 746 1906 813 cerneret,
1949 738 2162 814 explo-

196 828 337 896 rato
377 821 601 883 deinde
642 830 703 883 et
743 838 883 883 cum
926 838 1073 883 cura
1114 829 1328 883 coacto
1373 822 1613 897 agmine
1652 822 2046 897 procedebat.
2104 826 2168 881 et

198 904 653 968 continentibus
683 906 999 968 itineribus
1031 922 1169 967 cum
1198 907 1281 966 ad
1311 904 1672 979 Sangarium
1699 905 1929 966 fiumen
1956 904 2164 965 venis-

198 997 313 1065 set,
344 995 613 1066 pontem,
646 990 790 1066 quia
814 990 981 1051 vado
1008 1005 1315 1065 nusquam
1338 988 1632 1051 transitus
1663 996 1809 1063 erat,
1841 988 2163 1048 faceretn-

200 1072 409 1135 stituit.
476 1070 811 1149 Sangarius
842 1090 923 1135 ex
948 1074 1200 1135 Adoreo
1232 1078 1440 1133 monte
1465 1087 1582 1147 per
1605 1070 1932 1151 Phrygiam
1960 1070 2162 1131 fluens

197 1156 491 1218 miscetur
538 1157 620 1217 ad
658 1156 1004 1236 Bithyniam
1040 1154 1292 1239 Tymbri
1339 1156 1564 1226 fluvio;
1613 1154 1760 1216 inde
1808 1154 2003 1215 maior
2043 1153 2162 1213 iam

195 1238 519 1315 geminatis
557 1239 738 1315 aquis
780 1256 893 1316 per
918 1242 1264 1321 Bithyniam
1303 1242 1496 1301 fertur
1536 1246 1598 1300 et
1633 1240 1696 1299 in
1723 1237 2160 1313 Propontidem

198 1336 346 1385 sese
386 1320 675 1398 effundit,
725 1340 851 1385 non
893 1330 1091 1385 tamen
1128 1334 1251 1387 tam
1291 1322 1707 1399 magnitudine
1747 1320 2160 1383 memorabilis

200 1422 387 1481 quam
415 1407 581 1481 quod
611 1406 875 1482 piscium
896 1408 1127 1470 accolis
1157 1409 1463 1485 ingentem
1497 1406 1621 1467 vim
1650 1406 1922 1482 praebet.
1965 1410 2158 1463 trans·

196 1490 433 1565 gressis
475 1499 677 1578 ponte
726 1492 1003 1566 perfecto
1044 1492 1273 1553 flumen
1289 1536 1306 1565 ,
1354 1497 1599 1567 praeter
1637 1490 1836 1566 ripam
1877 1485 2162 1549 euntibus

197 1574 353 1633 Galli
392 1572 602 1634 matris
641 1589 899 1648 magnae
928 1590 967 1633 a
991 1573 1357 1635 Pessinunte
1387 1588 1712 1635 occurrere
1744 1589 1881 1635 cum
1912 1570 2162 1646 insigni-

193 1656 314 1717 bus
366 1656 529 1731 suis,
578 1656 979 1717 vaticinantes
1029 1657 1294 1719 fanatico
1344 1658 1610 1718 carmine
1641 1658 1828 1719 'deam
1868 1653 2162 1716 Romanis

196 1740 361 1799 viam
401 1738 546 1799 belli
586 1747 648 1801 et
686 1739 1002 1801 victoriam
1044 1742 1193 1802 dare
1234 1740 1678 1817 imperiumque
1707 1741 1842 1803 eius
1869 1736 2160 1815 regionis.
2219 1804 2226 1809 ,

197 1822 483 1903 accipere
534 1838 603 1885 se
646 1839 825 1885 omen
874 1838 1013 1885 curn
1054 1824 1329 1887 dixisset
1357 1828 1605 1899 consul,
1661 1833 1864 1886 castra
1904 1839 1979 1885 eo
2018 1822 2160 1898 ipso

196 1908 337 1968 loco
380 1908 605 1983 posuit.
660 1913 913 1986 postero
956 1909 1058 1970 die
1101 1911 1183 1970 ad
1214 1908 1506 1970 Gordium
1549 1908 1846 1984 pervenit.
1906 1908 1971 1966 id
1996 1904 2164 1965 haud

193 2007 479 2067 magnum
513 1992 761 2068 quidem
790 1993 1085 2068 oppidum
1114 1998 1238 2066 est,
1281 1993 1397 2052 sed
1423 1994 1566 2067 plus
1603 2006 1784 2067 quam
1811 1989 2161 2049 mediterra-

194 2091 378 2138 neum
400 2076 643 2136 celebre
666 2083 727 2136 et
750 2077 1043 2150 frequens
1069 2075 1432 2150 emporium.
1461 2075 1576 2134 tria
1599 2074 1790 2134 maria
1813 2071 1946 2148 pari
1969 2072 2163 2132 ferme

196 2159 484 2220 distantia
523 2158 839 2218 intervallo
870 2157 1083 2230 habet,
1113 2159 1610 2234 Hellespontum,
1641 2158 1722 2218 ad
1753 2156 2056 2231 sinopem
2101 2161 2162 2214 et

196 2240 446 2304 alterius
470 2257 617 2304 orae
638 2243 834 2316 litora,
868 2257 990 2317 qua
1015 2241 1233 2302 Cilices
1254 2241 1534 2301 maritimi
1556 2242 1798 2309 colunt;
1838 2239 2163 2300 multarum

192 2341 679 2402 magnarumque
721 2332 1037 2401 praeterea
1066 2325 1337 2402 gentium
1363 2325 1506 2386 finis
1537 2323 1858 2398 contingit,
1904 2337 2165 2396 quarum
2265 2359 2287 2368 -

195 2409 628 2472 commercium
668 2409 731 2470 in
775 2426 914 2471 eum
952 2407 1219 2470 maxime
1259 2410 1463 2469 locum
1506 2407 1698 2468 mutui
1737 2421 1892 2466 usus
1923 2411 2161 2466 contra-

193 2509 365 2554 xere.
407 2493 471 2554 id
498 2501 623 2555 tum
657 2494 965 2554 desertum
994 2494 1140 2568 fuga
1167 2492 1505 2553 incolarum
1529 2490 1845 2568 oppidum,
1873 2489 2163 2550 refertum

193 2578 358 2638 idem
389 2577 573 2653 copia
596 2593 799 2638 rerum
830 2575 1098 2638 omnium
1127 2575 1507 2637 invenerunt.
1573 2575 1656 2636 ibi
1685 2572 1906 2635 stativa
1931 2571 2159 2632 haben-

194 2660 362 2721 tibus
401 2661 588 2736 legati
628 2661 707 2721 ab
744 2660 1147 2737 Eposognato
1185 2666 1518 2735 venerunt,
1567 2657 1914 2720 nuntiantes
1956 2655 2158 2731 profe-

197 2749 359 2804 ctum
388 2759 530 2806 eum
557 2745 638 2804 ad
664 2745 913 2820 regulos
937 2744 1247 2806 Gallorum
1277 2742 1426 2804 nihil
1451 2743 1634 2819 aequi
1657 2743 2054 2817 impetrasse;
2085 2754 2165 2799 ex

198 2828 643 2904 campestribus
672 2828 826 2889 vicis
857 2826 1150 2904 agrisque
1171 2829 1529 2903 frequentes
1550 2826 1910 2900 demigrare,
1942 2829 2162 2884 etcum

198 2911 565 2986 coniugibus
596 2927 669 2970 ac
698 2909 908 2973 liberis
942 2929 1101 2990 quae
1128 2911 1290 2972 ferre
1319 2918 1502 2989 atque
1532 2923 1718 2985 agere
1746 2907 1992 2983 possint
2012 2920 2163 2981 prae

197 3008 271 3054 se
299 2994 535 3067 agentis
564 2995 989 3070 portantisque
1013 2995 1343 3072 Olympum
1373 3001 1638 3056 montem
1669 2997 1897 3066 petere,
1919 2996 1994 3048 fut
2019 2988 2164 3047 inde

196 3073 383 3136 armis
411 3077 813 3150 locorumque
844 3077 965 3136 situ
992 3083 1136 3136 sese
1163 3082 1468 3138 tueantur.
1509 3074 1665 3134 XIX.
1711 3071 1976 3132 certiora
1994 3077 2163 3148 post-

196 3174 273 3219 ea
304 3155 792 3221 Oroandensium
825 3159 1009 3234 legati
1038 3159 1394 3232 attmerunt,
1435 3154 1988 3230 Tolistobogiorum
2019 3151 2166 3212 civi·

200 3249 380 3305 tatem
421 3235 747 3321 Olympum
794 3249 1060 3303 montem
1112 3241 1394 3318 cepisse;
1459 3241 1742 3301 diversos
1782 3237 2162 3311 Tectosagos

196 3325 379 3410 alium
432 3332 730 3400 montem,
782 3325 889 3403 qui
926 3323 1189 3402 Magaba
1230 3325 1496 3399 dicatur,
1546 3323 1813 3404 petisse3-
1868 3319 2163 3382 Trocmos

199 3409 562 3486 coniugibus
604 3425 677 3470 ae
704 3408 916 3472 liberis
957 3410 1122 3486 apud
1147 3408 1526 3484 Tectosagos
1569 3403 1872 3482 depositis
1902 3408 2162 3464 armato·

196 3509 331 3554 rum
372 3494 613 3570 agmine
638 3490 1073 3570 Tolistobogiis
1104 3492 1400 3554 'statuisse
1427 3491 1716 3552 auxilium
1747 3490 1924 3550 ferre.
1989 3493 2163 3548 erant
