2548 3950
300 178 424 245 166
578 180 808 242 LIBER
834 179 1104 240 XXXIV.
1149 176 1315 238 CAP.
1345 187 1433 240 50.
1462 187 1554 239 51.
1600 183 1673 252 [a.
1706 182 1774 238 υ.
1806 200 1855 236 0.
1884 183 2014 250 558]

299 353 482 400 suum
523 336 681 395 bene
726 333 995 410 positum
1035 331 1238 394 sciret.
1300 331 1368 391 L.
1424 331 1540 392 has
1581 333 1749 392 velut
1774 333 2047 407 parentis
2080 351 2279 396 voces

303 437 437 482 rum
468 417 776 490 audirent,
821 432 1070 478 manare
1100 415 1389 476 omnibus
1418 415 1645 490 gaudio
1674 416 1980 490 lacrimae,
2012 417 2174 479 adeo
2204 430 2281 480 ut

294 505 500 579 ipsum
531 517 782 577 quoque
812 499 1259 562 confunderent
1282 500 1603 560 dicentem.
1648 499 1969 576 paulisper
1992 502 2277 564 fremitus

295 586 770 664 approbantium
799 585 964 644 dicta
993 583 1133 656 fuit,
1167 583 1667 659 monentiumque
1694 583 1954 645 aliorum
1984 583 2172 661 εἰὶσε,
2202 596 2278 649 ut

293 687 404 732 eas
433 684 626 731 voces
654 670 822 730 velut
852 671 1102 728 oraculo
1132 667 1359 729 missas
1393 667 1456 727 in
1486 674 1741 741 pectora
1768 666 2133 744 animosque
2160 669 2274 730 de-

295 756 616 816 mitterent.
685 753 928 813 silentio
959 751 1181 812 deinde
1210 752 1375 812 facto
1404 750 1579 826 petiit
1605 750 1683 811 ab
1713 751 1821 824 iis,
1865 757 1934 812 ut
1960 751 2114 814 civis
2143 754 2273 814 Ro·

293 853 544 911 manOS,
588 836 642 896 si
687 837 793 911 qui
835 835 1002 912 apud
1042 851 1154 896 eos
1184 835 1245 895 in
1273 835 1566 896 servitute
1594 841 1833 906 essent,
1879 837 2273 912 conquisitos

293 923 451 982 intra
479 922 639 982 duos
669 934 916 981 menses
945 919 1250 981 mitterent
1278 920 1359 979 ad
1388 935 1459 980 se
1485 917 1548 978 in
1568 917 1977 980 Thessaliamz
2008 935 2087 980 ne
2108 921 2272 997 ipsis

295 1004 545 1082 quidem
585 1003 913 1065 honestum
953 1018 1098 1064 esse
1137 1004 1201 1062 in
1241 1002 1498 1064 liberata
1536 1008 1699 1062 terra
1739 1002 2099 1064 liberatores
2130 1006 2272 1065 eius

294 1088 548 1150 servire.
609 1103 827 1148 omnes
857 1088 1273 1165 acclamarunt
1302 1087 1530 1162 gratias
1561 1101 1633 1146 se
1661 1087 1819 1147 inter
1849 1093 2055 1148 cetera
2083 1088 2275 1149 etiam

292 1173 375 1233 ob
402 1172 524 1233 hoc
553 1186 765 1246 agere,
800 1170 970 1246 quod
1000 1170 1292 1255 admoniti
1321 1174 1562 1244 essent,
1592 1177 1807 1231 uttam
1838 1171 1974 1246 pio,
2004 1177 2128 1232 tam
2157 1187 2271 1233 ne-

293 1255 588 1316 cessario·
614 1255 821 1316 officio
867 1257 1285 1330 fungerentur.
1352 1254 1573 1329 ingens
1616 1269 1909 1314 numerus
1939 1261 2071 1315 erat
2096 1253 2271 1318 bello

290 1339 522 1400 Punico
554 1345 905 1416 captorum,
949 1355 1108 1414 quos
1135 1338 1473 1412 Hannibal,
1510 1353 1648 1398 cum
1680 1338 1757 1398 ab
1786 1338 1917 1398 suis
1946 1355 2072 1400 non
2098 1340 2271 1400 redi-

290 1431 630 1498 merentur,
671 1439 900 1484 venum
929 1423 1201 1484 dederat.
1265 1421 1665 1484 multitudinis
1698 1437 1911 1484 eorum
1940 1438 2270 1498 argumen-

289 1516 420 1569 tum
459 1508 566 1581 sit,
613 1508 782 1583 quod
807 1508 1104 1587 Polybius
1147 1506 1359 1568 scribit
1399 1512 1643 1567 centum
1682 1506 1927 1567 talentis
1970 1522 2106 1568 eam
2131 1522 2267 1572 rem

287 1591 559 1650 Achaeis
590 1593 868 1666 stetisse,
913 1607 1054 1652 cum
1083 1593 1427 1668 quingenos
1458 1591 1746 1651 denarios
1776 1590 2039 1666 pretium
2068 1589 2129 1650 in
2161 1605 2269 1650 ca-

289 1675 448 1749 pita,
496 1676 666 1750 quod
705 1675 1070 1736 redderetur
1108 1675 1405 1749 dominis,
1446 1675 1823 1736 statuissent.
1896 1674 2058 1734 mille
2101 1674 2271 1735 enim

292 1758 594 1818 ducentos
630 1772 706 1816 ea
734 1758 974 1819 ratione
999 1758 1240 1818 Achaia
1271 1758 1501 1819 habuit.
1570 1758 1747 1818 adice
1774 1773 1940 1818 nunc
1975 1773 2088 1833 pro
2117 1773 2265 1833 por-

275 1841 458 1902 tione
490 1839 993 1916 quotverisirnile
1022 1843 1102 1900 sit
1133 1841 1453 1902 Graeciam
1478 1849 1668 1901 totam
1695 1841 2013 1902 habuisse.

459 1925 762 1987 Nondum·
798 1932 1138 1985 conventus
1192 1920 1485 1985 dimissus
1536 1928 1695 1999 erat,
1747 1938 1886 1984 cum
1923 1923 2263 2000 respiciunt

289 2008 672 2087 praesidium
701 2008 778 2069 ab
803 2007 1254 2070 Acrocorintho
1286 2006 1679 2069 descendens
1710 2007 1993 2083 protinus
2017 2008 2159 2069 duci
2180 2008 2269 2069 ad

290 2100 534 2170 portam
584 2099 772 2169 atque
821 2092 1010 2153 abire.
1075 2106 1334 2167 quorum
1377 2106 1595 2165 agmen
1638 2092 1973 2167 imperator
2012 2099 2265 2153 secutus

290 2177 818 2254 prosequentibus
843 2176 1097 2251 cunctiS,
1126 2181 1509 2236 servatorem
1529 2174 2042 2252 liberatoremque
2064 2177 2266 2237 accla-

290 2263 615 2335 mantibus,
647 2260 927 2325 salutatis
951 2260 1351 2335 dimissisque
1378 2258 1475 2333 iis,
1506 2258 1721 2319 eadem
1746 2274 1871 2335 qua
1891 2266 2142 2321 venerat
2161 2260 2269 2319 via

289 2346 548 2407 Elatiam
584 2346 784 2407 rediit.
850 2344 994 2404 inde
1035 2360 1176 2405 eum
1218 2342 1503 2404 omnibus
1546 2343 1746 2417 copiis
1777 2344 1899 2417 Ap.
1946 2342 2266 2404 Claudium

289 2432 560 2505 legatum
613 2427 868 2490 dimittit.
933 2442 1047 2503 per
1083 2426 1464 2488 Thessaliam
1512 2433 1696 2503 atque
1734 2427 1992 2504 Epirum
2033 2427 2265 2489 ducere

293 2512 539 2574 Oricum
559 2512 742 2587 iubet,
774 2517 959 2585 atque
982 2511 1065 2572 ibi
1084 2526 1156 2573 se
1181 2509 1480 2587 opperiri=
1512 2511 1657 2572 inde
1680 2526 1949 2587 namque
1969 2511 2032 2571 in
2054 2510 2261 2572 animo

290 2612 437 2657 esse
477 2595 813 2656 exercitum
851 2594 913 2654 in
951 2594 1184 2657 Italiam
1221 2596 1499 2656 traicere.
1564 2602 1626 2655 et
1649 2594 1717 2654 L.
1750 2595 2027 2669 Quinctio
2069 2595 2260 2668 tratri,

289 2682 494 2755 legato
525 2687 588 2741 et
615 2680 930 2755 praefecto
963 2679 1215 2754 classis,
1259 2679 1499 2754 scribit,
1540 2686 1609 2741 ut
1638 2680 1954 2740 onerarias
1984 2694 2065 2739 ex
2094 2678 2264 2739 omni

291 2764 587 2824 Graeciae
618 2778 727 2823 ora
753 2763 974 2824 eodem
998 2764 1401 2825 contraheret.
1446 2764 1539 2823 LI.
1584 2763 1723 2838 ipse
1748 2763 2096 2825 Chalcidem
2115 2780 2263 2839 pro-

290 2848 508 2920 fectuS,
551 2845 834 2908 deductis
863 2864 984 2908 non
1017 2865 1056 2908 a
1082 2847 1370 2909 Chalcide
1398 2848 1601 2908 solum
1630 2846 1746 2908 sed
1776 2848 1957 2909 etiam
1985 2848 2064 2908 ab
2094 2845 2257 2909 Oreo

289 2938 476 3007 atque
503 2932 741 2992 Eretria
767 2931 1125 3008 praesidiis,
1159 2937 1531 2992 conventum
1558 2932 1644 2992 ibi
1668 2930 2083 2993 Euboicarum
2112 2932 2261 2993 civi—

287 3016 499 3077 tatium
520 3014 749 3091 habuit,
775 3015 1246 3092 admonitosque
1267 3016 1330 3075 in
1353 3032 1477 3092 quo
1503 3022 1665 3077 statu
1684 3031 1889 3077 rerum
1912 3015 2263 3092 accepisset

289 3114 402 3160 eos
434 3100 583 3161 etin
616 3116 740 3176 quo
770 3100 1142 3176 relinqueret
1169 3098 1412 3161 dimisit.
1460 3099 1911 3164 Demetriadem
1938 3099 2084 3161 inde
2111 3116 2257 3175 pro-

287 3183 614 3254 ficiscitur3
661 3184 1054 3259 deductoque
1091 3184 1402 3261 praesidio
1448 3184 1969 3260 prosequentibus
1999 3184 2257 3259 cunctiS,

289 3266 452 3329 sicut
480 3267 748 3329 Corinthi
786 3274 848 3329 et
885 3266 1200 3342 Chalcide,
1247 3268 1443 3344 pergit
1482 3268 1571 3329 ire
1612 3268 1675 3328 in
1701 3266 2108 3345 Thessaliam,
2150 3266 2262 3329 ubi

291 3366 413 3410 non
457 3351 811 3412 liberandae
849 3351 1036 3413 modo
1068 3352 1343 3414 civitates
1376 3358 1573 3428 erant,
1620 3352 1735 3413 sed
1762 3368 1843 3413 ex
1870 3353 2034 3414 omni
2064 3353 2259 3413 collu-

289 3433 474 3495 vione
515 3441 576 3496 et
604 3434 966 3497 confusione
1005 3434 1066 3496 in
1097 3435 1366 3511 aliquam
1401 3436 1779 3498 tolerabilem
1809 3438 2067 3499 sormam
2092 3434 2251 3495 redi*
