2548 3950
297 207 420 273 118
475 207 706 268 LIBER
726 203 988 266 XXXIII.
1021 201 1188 264 CAP.
1201 209 1291 262 41.
1305 189 1407 262 42.
1426 202 1497 280 [a.
1517 207 1584 258 U.
1604 223 1650 258 ο.
1666 209 1790 263 556.
1815 205 2087 278 a.c.196]

295 375 451 436 gens
481 355 761 434 pervenit
781 354 844 415 in
863 353 1145 432 Lyciam3
1173 351 1535 428 Patarisque
1557 350 1804 426 cognito
1832 353 2045 412 vivere
2061 353 2261 416 Ptole-

297 457 557 516 maeum,
569 438 897 514 navigandi
913 438 1162 514 quidem
1172 436 1234 494 in
1246 437 1601 514 Aegyptum
1617 434 1915 497 omissum
1930 435 2261 498 consilium

295 533 421 586 est=
453 524 722 603 Cyprum
746 521 932 582 nihilo
955 521 1156 580 minus
1177 527 1417 596 petens,
1442 533 1581 580 cum
1598 518 2090 583 Chelidoniarum
2109 536 2259 598 pro—

293 609 661 670 munturium
701 611 1088 680 superasset,
1131 603 1449 678 paulisper
1490 602 1791 664 seditione
1826 601 2133 678 remigum
2162 614 2263 666 est

295 699 568 754 retentus
597 691 660 751 in
686 681 1045 766 Pamphylia
1073 687 1239 748 circa
1258 685 1779 764 Eurymedontem
1808 701 2075 746 amnem:
2108 687 2259 748 inde

297 777 639 852 profectum
667 788 806 834 eum
836 772 916 847 ad
945 771 1147 847 capita
1176 785 1337 846 quae
1364 775 1590 830 vocant
1610 768 1747 830 Sari
1776 769 2043 830 fluminis
2072 771 2261 830 foeda

295 865 632 934 tempestas
655 857 873 916 adorta
893 870 1091 930 prope
1115 870 1252 914 cum
1278 851 1442 915 omni
1465 853 1668 914 classe
1694 851 2002 914 demersit.
2031 855 2259 914 multae

296 945 528 1006 fractae
542 989 557 1016 ,
598 941 822 1002 multae
865 941 1096 998 eiectae
1135 952 1327 998 naves
1340 982 1357 1012 ,
1400 937 1626 998 multae
1665 936 1753 996 ita
1788 935 2049 998 haustae
2082 938 2257 1010 mari,

295 1037 364 1088 ut
393 1041 568 1088 nemo
597 1024 660 1084 in
688 1031 912 1083 terram
940 1021 1148 1082 enarit.
1193 1036 1416 1094 magna
1441 1021 1537 1080 vis
1565 1018 1878 1083 hominum
1903 1019 1989 1080 ibi
2016 1020 2259 1095 interiit,

298 1126 424 1172 non
451 1109 746 1182 remigum
773 1106 959 1168 modo
989 1105 1365 1179 militumque
1394 1105 1638 1179 ignotae
1666 1104 1899 1175 turbae,
1920 1105 2047 1175 sed
2074 1105 2262 1165 etiam

295 1191 620 1266 insignium
667 1189 834 1264 regis
875 1188 1226 1249 amicorum.
1296 1188 1569 1248 collectis
1616 1180 1893 1262 reliquiis
1936 1188 2261 1263 naufragii,

299 1292 440 1336 cum
481 1291 586 1336 res
627 1291 752 1336 non
782 1274 844 1333 in
884 1287 960 1332 eo
989 1278 1224 1346 essent,
1265 1278 1335 1331 ut
1364 1271 1635 1350 Cyprum
1658 1277 2013 1346 temptaret,
2055 1270 2261 1334 minus

301 1360 594 1435 opulento
635 1357 876 1434 agmine
919 1373 1100 1434 quam
1142 1357 1459 1431 profectus
1502 1362 1633 1416 erat
1672 1353 2017 1415 Seleuciam
2056 1354 2260 1416 rediit.

217 1507 220 1510 Α
295 1442 381 1504 ibi
401 1443 663 1504 subduci
684 1439 944 1502 navibus
969 1441 1154 1501 iussis
1171 1439 1401 1499 —iam
1414 1437 1575 1498 enim
1598 1444 1659 1497 et
1680 1436 1873 1498 hiems
1895 1439 2264 1499 instabat-—

295 1525 435 1600 ipse
462 1527 526 1585 in
552 1525 807 1585 hiberna
823 1524 1214 1588 Antiochiam
1241 1523 1570 1584 concessit.
1614 1522 1675 1582 in
1707 1522 1826 1584 hoc
1856 1528 2021 1584 statu
2043 1538 2265 1597 regum

298 1617 471 1670 erant
496 1624 618 1668 res.

467 1691 644 1750 XLlI.
708 1693 954 1752 Romae.
983 1707 1058 1750 eo
1099 1691 1361 1766 primum
1410 1707 1571 1751 anno
1612 1689 1929 1754 triumviri.
1956 1691 2263 1766 epulones

300 1775 442 1836 facti
483 1775 545 1836 C.
575 1774 843 1836 Licinius
877 1773 1169 1836 Lucullus
1208 1775 1489 1835 tribunus
1530 1773 1763 1849 plebis,
1806 1774 1913 1852 qui
1952 1775 2149 1848 legem
2178 1773 2267 1834 de

300 1858 582 1920 creandis
623 1857 722 1918 his
766 1858 1012 1932 tulerat,
1057 1866 1118 1919 et
1155 1855 1220 1916 P.
1249 1857 1515 1921 Manlius
1556 1864 1619 1918 et
1655 1857 1723 1916 P.
1748 1857 2003 1919 Porcius
2038 1858 2265 1918 Laeca.

297 1941 375 2005 iis
417 1941 746 2005 triumviris
762 1988 777 2016 ,
821 1942 962 2004 item
992 1948 1059 2004 ut
1087 1939 1511 2018 pontificibus,
1552 1943 1691 2017 lege
1719 1941 1925 2005 datum
1956 1948 2052 2003 est
2077 1949 2267 2015 togae

301 2033 658 2103 praetextae
705 2026 1028 2087 habendae
1074 2026 1191 2087 ius.
1261 2026 1379 2087 sed
1428 2040 1715 2100 magnum
1764 2035 2069 2087 certamen
2117 2042 2263 2085 cum

300 2112 584 2175 omnibus
625 2110 1052 2171 sacerdotibus
1089 2126 1165 2171 eo
1196 2126 1358 2171 anno
1388 2108 1502 2171 fuit
1530 2110 1959 2185 quaestoribus
1985 2110 2265 2184 urbaniS,

299 2195 367 2269 Q.
396 2194 587 2256 Fabio
615 2193 888 2257 Labeoni
919 2202 980 2255 et
1005 2193 1070 2252 L.
1099 2193 1370 2265 Aurelio.
1430 2194 1695 2269 pecunia
1723 2210 1883 2271 opus
1913 2200 2058 2268 erat,
2088 2194 2269 2268 quod

296 2280 564 2340 ultimam
608 2280 973 2355 pensionem
1012 2279 1313 2355 pecuniae
1351 2278 1415 2337 in
1442 2277 1671 2339 bellum
1700 2280 1957 2342 collatae
1986 2278 2268 2355 persolvi

296 2364 616 2441 placuerat
642 2364 914 2439 privatis.
975 2369 1339 2437 quaestores
1368 2362 1447 2423 ab
1478 2363 1811 2437 auguribus
1838 2362 2265 2439 pontificibus-

299 2462 422 2523 que
465 2447 634 2521 quod
674 2446 1044 2520 stipendium
1083 2463 1196 2523 per
1233 2447 1463 2507 bellum
1501 2462 1627 2507 non
1658 2447 2063 2510 contulissent
2089 2454 2266 2521 pete-

297 2530 462 2591 bant.
506 2530 585 2589 ab
616 2529 1041 2592 sacerdotibus
1071 2530 1295 2591 tribuni
1324 2530 1524 2606 plebis
1548 2531 1920 2607 nequiquam
1944 2530 2263 2607 appellati,

299 2613 690 2688 omniumque
738 2628 1036 2675 annorum
1084 2629 1198 2690 per
1247 2630 1407 2691 quos
1457 2631 1583 2676 non
1630 2616 1927 2675 dederant
1974 2620 2269 2675 exactum

297 2702 410 2755 est.
451 2696 668 2756 eodem
699 2712 860 2758 anno
892 2698 1016 2765 duo
1045 2699 1266 2759 mortui
1290 2698 1638 2775 pontifices,
1670 2696 1940 2775 novique
1962 2699 2024 2759 in
2046 2714 2269 2760 eorum

297 2782 501 2839 locum
533 2778 792 2855 suffecti,
815 2780 898 2840 M.
919 2780 1247 2844 Marcellus
1276 2784 1491 2845 consul
1516 2782 1578 2842 in
1603 2783 1805 2844 locum
1827 2784 1889 2844 C.
1912 2778 2267 2858 Sempronii

293 2860 607 2937 Tuditani,
643 2866 747 2938 qui
773 2871 1023 2940 praetor
1049 2864 1111 2926 in
1138 2866 1439 2943 Hispania
1466 2868 1849 2944 decesserat,
1882 2875 1944 2928 et
1972 2866 2041 2926 L.
2070 2866 2265 2926 Vale—

291 2946 421 3007 rius
462 2944 720 3008 Flaccus
757 2949 819 3007 in
856 2949 1060 3011 locum
1101 2950 1183 3010 Μ.
1215 2948 1479 3013 Cornelii
1511 2951 1774 3025 Cethegi.
1840 2957 1903 3010 et
1931 2950 1999 3025 Ω.
2027 2948 2267 3011 Fabius

291 3028 597 3095 Maximus
627 3047 824 3109 augur
849 3041 1126 3095 mortuus
1155 3040 1252 3095 est
1280 3034 1613 3098 admodum
1634 3035 2020 3107 adolescens,
2052 3030 2265 3108 prius-

295 3130 478 3191 quam
517 3116 708 3176 ullum
750 3116 1168 3191 magistratum
1200 3125 1482 3193 caperet;
1526 3134 1641 3179 nec
1670 3134 1747 3179 eo
1779 3133 1938 3178 anno
1969 3131 2165 3191 augur
2194 3117 2266 3175 in

293 3198 424 3257 eius
453 3199 658 3261 locum
686 3206 784 3261 est
810 3200 1124 3263 suffectus.

345 3312 352 3319 ·
461 3281 716 3344 Comitia
762 3281 905 3343 inde
949 3285 1301 3346 consularia
1342 3284 1551 3346 habita
1588 3302 1627 3345 a
1664 3284 1747 3345 M.
1774 3284 2065 3345 Marcello
2109 3299 2267 3343 con·

294 3364 447 3424 sule.
515 3366 698 3425 creati
741 3368 1028 3428 consules
1070 3368 1137 3426 L.
1168 3368 1453 3429 Valerius
1492 3367 1749 3429 Flaccus
1790 3374 1851 3428 ct
1890 3366 1970 3427 M.
2000 3364 2266 3427 Porcius

293 3451 460 3505 cato.
503 3454 822 3523 praetores
845 3448 988 3512 inde
1011 3451 1155 3512 facti
1175 3450 1282 3510 Cn.
1306 3452 1567 3512 Manlius
1591 3454 1787 3513 Vulso
1814 3454 1933 3527 Ap.
1964 3447 2267 3510 Claudius
