2548 3950
607 229 840 335 mma
865 273 1074 334 XXXI.
1122 274 1286 334 CAP.
1314 283 1399 334 24.
1427 283 1512 335 25.
1556 281 1628 348 [a.
1655 279 1869 342 0200]
2122 245 2201 338 2‘1

245 443 432 504 quam
476 433 718 486 ceterae
760 432 882 496 est;
929 425 1174 486 et2intra
1199 441 1336 488 eam
1367 431 1665 500 extraque
1693 425 1849 486 latae
1876 425 2021 486 viae
2046 435 2204 502 sunt,

243 519 310 572 ut
337 519 401 581 et
431 509 731 585 oppidani
774 509 1037 584 dirigere
1071 508 1272 570 aciem
1302 524 1343 568 a
1370 509 1519 569 soro:
1547 508 1631 574 ad
1658 516 2203 586 portampoesem,

241 603 308 655 et
332 601 510 654 extra
545 593 719 653 limes
761 593 925 653 mille
965 594 1158 654 ferme
1182 608 1425 668 passus
1442 593 1665 668 longus
1682 637 1699 666 ,
1741 591 1803 652 in
1831 594 2205 657 Academiae

239 677 634 758 gymnasium
664 678 890 751 ferens,
921 677 1110 752 pediti
1131 677 1461 752 equitique
1482 676 1753 738 hostium
1781 675 2039 738 liberum
2058 695 2203 754 spa-

239 761 390 824 tium
433 761 772 837 praeberet.
811 776 922 820 neo
963 759 1148 821 limite
1167 759 1589 822 Athenienses
1633 776 1775 821 cum
1792 760 1986 822 Attali
2024 779 2201 838 prae-

239 845 400 906 sidio
425 852 491 906 et
517 843 771 905 cohorte
791 844 1082 920 Dioxippi
1111 843 1245 904 acie
1267 845 1425 905 intra
1444 845 2203 922 portam-instruetasigna

240 929 608 992 extulerunt.
641 929 840 1004 »quod
859 927 967 988 ubi
990 927 1309 1004 Philippus
1338 927 1518 1004 vidit,
1560 928 1787 988 habere
1814 929 2111 990 se=hostis
2140 932 2203 991 in

241 1021 546 1087 potestate
595 1020 766 1074 ratus
807 1011 1023 1080 etdiu
1061 1018 1277 1088 ‘optata
1317 1012 1525 1073 caede-
1544 1044 1616 1061 «-
1653 1027 1855 1087 neque
1874 1015 2055 1072 enim
2096 1014 2203 1075 ulli

239 1099 610 1160 Graecarum
639 1095 970 1157 civitatium
989 1095 1266 1158 infestior
1290 1103 1421 1156 erat
1439 1121 1531 1144 --·
1544 1095 1947 1172 expleturum,
1982 1097 2200 1158 cohor·

239 1189 402 1244 tatus
443 1179 717 1256 militess
737 1186 804 1240 ut
845 1196 916 1241 se
957 1181 1261 1242 intuentes
1306 1188 1677 1256 pugnarent,
1728 1181 2079 1257 scirentque
2122 1181 2201 1242 'rbi

237 1267 436 1341 signa,
451 1265 536 1324 ibi
553 1265 755 1325 aciem
777 1280 922 1326 esse
943 1264 1188 1336 debere,
1203 1262 1310 1324 ubi
1331 1279 1443 1325 rex
1464 1270 1651 1338 esset,
1668 1265 1933 1325 concitat
1952 1281 2198 1340 equum,

237 1366 364 1411 non
395 1350 486 1408 ira
513 1355 743 1410 tantum
772 1348 1094 1410 sedetiam
1109 1349 1311 1424 gloria
1324 1350 1548 1421 elatus3
1579 1348 1751 1424 quod
1773 1348 2000 1422 ingenti
2023 1349 2200 1409 turba

236 1434 560 1508 completis
611 1432 790 1494 etiam
831 1432 934 1493 ad·
955 1431 1374 1509 spectaculum
1412 1432 1604 1493 muris
1648 1432 2042 1506 conspicisse
2074 1449 2196 1508 ‘pu-

233 1524 530 1594 gnantem·
563 1516 872 1592 egregium
898 1517 1183 1578 ducebat.
1241 1517 1631 1592 »aliquantum
1646 1523 1813 1579 antex
1822 1513 2023 1576 aciem
2057 1532 2197 1578 cum

233 1600 547 1678 equitibus
588 1600 806 1676 paucis
847 1609 1100 1663 evectus
1140 1600 1202 1660 in
1229 1601 1469 1662 medios
1498 1599 1695 1663 hostis
1724 1601 2029 1676 ingentem
2056 1617 2199 1662 cum

235 1686 371 1747 suis
407 1686 701 1746 ardorem
739 1691 887 1746 tum·
927 1700 1222 1761 pavorem
1270 1685 1563 1746 hostibus·
1578 1719 1584 1734 ι
1602 1684 1825 1745 iniecit
1867 1687 2195 1760 plurimos

233 1786 422 1830 manu
440 1785 564 1829 sua
585 1769 924 1836 comminus
948 1769 1312 1846 eminusque
1333 1770 2197 1846 vulneratosaecompulsosque

231 1855 980 1929 in-portan1·consccutus
1007 1855 1258 1929 etipse,
1304 1870 1443 1914 cum
1484 1855 1775 1916 maiorem
1805 1853 1869 1912 in
1896 1853 2195 1929 angustiis

231 1937 664 2015 trepidantium
687 1937 986 2000 edidisset
1007 1940 1279 2013 caedem,
1301 1938 1362 2000 in
1388 1939 1711 2001 temerario
1730 1937 1979 2013 incepto
2003 1945 2196 2000 tutum

233 2030 436 2093 tamen
463 2028 781 2097 receptum
807 2022 1035 2098 habuit,
1071 2021 1216 2099 quia
1247 2024 1351 2099 qui
1379 2024 1440 2084 in
1472 2023 1738 2084 turribus
1768 2029 1982 2099 portae
2006 2029 2193 2098 erant,

230 2105 626 2168 sustinebant
640 2108 779 2183 tela,
795 2122 874 2167 ne
897 2106 964 2168 in·
979 2108 1325 2183 permixtos
1340 2107 1623 2172 hostibus
1646 2123 1800 2169 suos
1824 2108 2193 2168 conicerent-

231 2192 394 2251 intra
419 2206 630 2251 muros
663 2190 897 2252 deinde
922 2192 1269 2253 tenentibus
1300 2192 1518 2253 milites
1547 2191 2025 2252 Atheniensibus
2054 2190 2191 2249 Phi·

229 2274 460 2350 lippus·
483 2274 660 2349 signo
689 2275 962 2351 receptui
995 2276 1140 2337 dato
1185 2282 1387 2339 castra
1418 2276 1497 2336 ad
1524 2276 2022 2352 Cynosarges*—
2043 2280 2191 2334 tem»

229 2362 399 2435 pium
412 2360 698 2420 Herculis
713 2359 1229 2437 gymnasiumque
1243 2366 1305 2419 et
1320 2360 1497 2419 lucus
1519 2364 1652 2418 erat
1674 2356 2095 2418 circumiectus
2108 2387 2194 2404 --

229 2443 458 2519 posuit.
495 2443 730 2505 sed-et
756 2443 1147 2521 Cynosarges
1179 2449 1241 2503 et
1265 2444 1539 2521 Lycium,
1573 2450 1633 2503 et
1668 2441 1968 2518 quidquid
1996 2441 2192 2502 sancti

226 2526 568 2593 amoenive
567 2527 742 2587 circa
767 2527 982 2595 urbem
1009 2534 1168 2601 erat,
1197 2526 1517 2588 incensum
1546 2534 1670 2599 est,-
1716 2526 2039 2602 dirutaque
2068 2543 2191 2587 non

226 2618 390 2672 tecta
411 2612 622 2672 solum
634 2612 748 2675 sed
773 2612 953 2672 etiam
976 2614 1277 2687 sepulcra,
1295 2628 1427 2671 nec
1435 2611 1622 2673 divini
1646 2611 2057 2686 humanique
2041 2610 2189 2671 iuris

229 2694 562 2771 quicquam
592 2710 741 2770 prae
768 2696 1085 2773 impotenti
1114 2697 1214 2756 ira
1231 2703 1349 2757 est
1356 2704 1686 2757 servatum.
2059 2725 2065 2733 »

261 2816 310 2831 ·
393 2778 579 2841 XXV.
623 2778 886 2842 Postero
907 2780 1006 2839 die
1029 2795 1164 2841 cum
1185 2780 1383 2855 primo
1400 2781 1651 2847 clausae
1674 2780 1934 2841 fuissent
1954 2744 2188 2853 portae,

226 2861 453 2922 deinde
485 2863 689 2925 subito
721 2870 1000 2940 apertae,
1047 2864 1193 2941 quia
1221 2864 1599 2940 praesidium
1630 2864 1813 2925 Attali
1845 2863 1921 2923 ab
1951 2862 2191 2937 Aegina

223 2944 614 3023 Romanique
643 2946 719 3007 ab
748 2948 1000 3009 Piraeeo
1032 2950 1404 3011 intraverant
1428 2949 1663 3022 urbem,
1686 2955 1901 3009 castra
1930 2948 2021 3007 ab·
2036 2947 2193 3006 urbe

224 3029 453 3091 rettulit
478 3046 590 3091 rex
617 3032 732 3091 tria
760 3034 952 3093 ferme
977 3034 1140 3093 milia
1172 3050 1491 3110 passuum.
1554 3033 1699 3093 inde
1724 3032 2017 3092 Eleusina
2046 3045 2189 3105 pro·

225 3112 424 3174 sectus
457 3130 576 3190 spe
601 3115 940 3192 improviso
971 3118 1182 3192 templi
1212 3120 1590 3193 castamque,
1630 3116 1799 3191 quod
1833 3121 1894 3174 et
1920 3113 2191 3175 imminet

223 3196 752 3261 et.circumdamm
784 3207 881 3262 est
905 3204 1162 3277 templo,
1193 3202 1515 3277 capiendi,
1542 3214 1681 3259 cum
1708 3196 2189 3273 haudquaquam

222 3282 540 3356 neglectas
572 3284 886 3345 custodias
908 3285 1455 3347 ‘animadvertisset
1482 3291 1551 3344 et·
1574 3284 1839 3342 classem
1868 3298 1906 3341 a
1932 3280 2187 3341 Piraeeo

221 3365 504 3428 subsidio
544 3367 785 3443 venire,
829 3370 1062 3429 omisso
1097 3370 1341 3444 incepto
1364 3368 1624 3443 Mega-ra
1654 3382 1727 3427 ac
1760 3366 2039 3441 protinus
2072 3365 2185 3425 Co-

217 3448 486 3511 rinthum
529 3451 712 3511 ducit.
781 3459 841 3511 et
875 3467 1012 3512 cum
1052 3452 1239 3527 Argis
1265 3452 1655 3513 Achaeorum
1692 3450 2013 3513 concilium
2044 3462 2189 3510 esse

219 3534 530 3610 audisset,
573 3534 1031 3611 inopinantibus
1059 3536 1327 3597 Achaeis
1365 3536 1631 3598 contioni
1661 3535 1781 3611 ipsi
1812 3532 2185 3611 supervenit.
