2548 3950
479 203 484 209 ’
569 232 834 321 Lmen
855 233 1094 293 xxxv.
1149 234 1537 297 CAP.11.12.
1586 242 1660 310 [a.
1685 242 1749 295 c.
1774 245 1899 311 193]
2094 238 2217 303 185

265 385 456 447 iacula
483 399 694 445 secum
723 393 954 460 portat,
997 386 1141 461 equi
1171 386 1306 446 sine
1336 388 1550 462 freniS‚
1593 387 1885 451 deformis
1914 390 2052 466 ipse
2080 408 2212 453 cur-

263 486 366 536 sus
391 468 590 544 rigida
619 470 859 529 cervice
888 477 948 530 et
969 476 1214 531 extento
1239 470 1439 548 capite
1462 472 1851 534 currentium.
1880 474 2045 536 hunc
2070 492 2215 536 con-

261 558 544 629 temptum
591 553 672 613 de
699 552 998 613 industria
1025 561 1321 630 augentes
1352 555 1471 615 labi
1503 571 1581 616 ex
1612 558 1789 633 equis
1821 564 1883 619 et
1908 574 2023 635 per
2056 560 2211 620 ludi-

254 636 448 697 brium
473 638 827 711 spectaculo
855 652 1016 698 esse.
1059 638 1266 715 itaque
1291 640 1395 714 qui
1418 640 1614 714 primo
1637 642 1849 701 intenti
1873 643 2215 719 paratique,

257 720 311 781 si
340 722 816 795 lacesserentur,
857 720 919 781 in
949 722 1313 784 stationibus
1358 724 1627 797 fuerant,
1669 726 1790 786 iam
1816 726 2081 787 inermes
2112 742 2219 787 se·

256 805 594 879 dentesque
619 820 766 879 pars
796 806 1064 866 maxima
1089 794 1473 881 spectabant.
1511 808 1807 869 Numidae
1836 810 2212 885 adequitare,

257 888 396 949 dein
433 889 748 963 refugere,
785 890 910 950 sed
938 890 1197 966 propius
1228 892 1447 951 saltum
1478 892 1767 966 paulatim
1793 893 2003 966 evehi,
2046 896 2215 954 velut

255 988 414 1049 quos
442 972 794 1047 impotentis
820 973 1078 1049 regen-di
1107 976 1252 1051 equi
1281 975 1506 1035 invitos
1536 974 1841 1038 efferrent.
1899 983 2214 1052 postremo

253 1056 510 1119 subditis
557 1057 898 1117 calcaribus
943 1056 1377 1119 intermedias
1426 1060 1721 1121 stationes
1762 1060 2031 1121 hostium
2076 1076 2209 1121 eru-

251 1155 429 1217 pere,
471 1147 534 1201 et
573 1141 634 1199 in
677 1156 890 1216 agrum
931 1140 1209 1203 latiorem
1237 1143 1434 1203 evecti
1464 1144 1670 1205 omnia
1700 1144 2049 1221 propinqua
2076 1144 2215 1204 viae

251 1230 412 1284 tecta
457 1224 809 1285 incendunt.
881 1225 1162 1300 proximo
1214 1226 1438 1287 deinde
1488 1230 1628 1288 vico
1679 1229 1953 1290 inferunt
1992 1228 2211 1303 ignem,

253 1308 414 1369 ferro
443 1307 812 1384 flammaque
839 1308 1046 1369 omnia
1073 1317 1443 1384 pervastant.
1490 1313 1693 1372 fumus
1722 1313 1923 1385 primo
1947 1328 2208 1387 conspe-

255 1398 409 1467 ctuS,
439 1392 664 1453 deinde
693 1394 923 1453 clamor
951 1394 1381 1468 trepidantium
1410 1395 1470 1454 in
1493 1396 1649 1455 vicis
1674 1394 1938 1469 audituS,
1971 1401 2211 1469 postre-

250 1492 352 1537 mo
403 1474 682 1537 seniores
739 1472 1040 1554 puerique
1089 1478 1464 1553 refugientes
1512 1478 1833 1539 tumultum
1882 1478 1943 1537 in
1994 1477 2215 1538 castris

251 1561 544 1621 recerunt.
603 1560 811 1637 itaque
841 1562 976 1622 sine
1007 1561 1287 1636 consilio,
1318 1562 1453 1621 sine
1482 1563 1767 1639 imper10,
1798 1579 1914 1638 pro
1944 1578 2015 1624 se
2045 1562 2212 1639 quis-

252 1660 376 1720 que
405 1658 650 1705 currere
679 1646 759 1705 ad
783 1662 900 1706 sua
918 1646 1202 1716 tutanda;
1233 1653 1671 1723 momentoque
1690 1647 1985 1724 temporis
2010 1654 2214 1707 castra

247 1728 462 1789 relicta
489 1736 680 1804 erant,
712 1735 773 1789 et
801 1728 1127 1790 obsidione
1155 1729 1447 1792 liberatus
1479 1733 1696 1793 consul
1723 1747 1846 1807 quo
1870 1731 2215 1792 intenderat

247 1813 548 1889 pervenit.

418 1896 548 1957 XII.
595 1896 721 1959 Sed
749 1912 953 1974 neque
979 1899 1115 1961 Boii
1147 1913 1351 1974 neque
1378 1898 1665 1975 Hispani,
1709 1915 1847 1959 cum
1877 1897 2104 1975 quibus
2136 1914 2211 1958 eo

247 1999 416 2044 anno
463 1982 750 2044 bellatum
801 1991 960 2056 erat,
1011 1990 1136 2044 tam
1177 1984 1420 2044 inimice
1458 1984 1661 2044 infesti
1708 1990 1881 2044 erant
1916 1983 2210 2044 Romanis

252 2082 438 2142 quam
465 2067 826 2129 Aetolorum
859 2083 1032 2142 gens.
1074 2068 1117 2128 ii
1148 2075 1293 2143 post
1320 2069 1679 2143 deportatos
1711 2082 1791 2126 ex
1822 2067 2079 2128 Graecia
2106 2082 2211 2126 ex-

245 2150 478 2213 ercitus
506 2152 704 2227 primo
735 2152 796 2210 in
827 2167 940 2227 spe
969 2152 1209 2211 fuerant
1237 2145 1299 2210 et
1324 2151 1692 2211 Antiochum
1722 2152 1783 2210 in
1812 2167 2072 2210 vacuam
2092 2151 2211 2210 Eu-

246 2250 449 2310 ropae
475 2235 946 2310 possessionem
975 2243 1317 2308 venturum,
1349 2248 1463 2294 nec
1489 2234 1837 2309 Philippum
1870 2239 1974 2294 aut
1998 2233 2216 2292 Nabim

220 2319 592 2395 quieturos
647 2320 751 2380 ubi
780 2317 926 2398 nihil
955 2336 1220 2394 usquam
1247 2319 1480 2379 moveri
1506 2317 1821 2389 viderunt,
1864 2316 2217 2391 agitandum

249 2401 488 2478 aliquid
535 2404 1046 2478 miscendumque
1093 2403 1236 2476 rati,
1293 2419 1372 2462 ne
1424 2403 1767 2463 cunctando
1820 2407 2235 2476 senescerent·

249 2488 530 2562 consilia,
557 2488 882 2551 concilium
901 2488 1280 2565 Naupactum
1304 2487 1671 2548 indixerunt.
1716 2485 1800 2546 ibi
1811 2484 2015 2545 Thoas
2040 2499 2215 2559 prae-

245 2578 354 2631 tor
401 2587 612 2634 eorum
670 2578 1049 2648 conquestus
1102 2573 1355 2633 iniurias
1401 2571 1817 2632 Romanorum
1870 2574 2219 2643 statumque

245 2655 564 2731 Aetoliae,
609 2657 778 2732 quod
821 2656 1090 2717 omnium
1121 2656 1415 2717 Graeciae
1454 2655 1723 2731 gentium
1765 2653 2221 2728 civitatiumque

245 2739 781 2802 inhonoratissimi
821 2747 968 2816 post
1004 2757 1139 2800 eam
1180 2741 1495 2801 victoriam
1537 2745 1777 2812 essent,
1824 2737 1998 2798 cuius
2028 2753 2219 2798 causa

248 2823 380 2899 ipsi
421 2825 711 2900 fuissent,
755 2825 995 2900 legatos
1040 2825 1280 2885 censuit
1307 2824 1473 2884 circa
1499 2839 1681 2898 reges
1710 2823 2069 2895 mittendos,
2115 2821 2219 2896 qui

249 2924 382 2969 non
426 2910 624 2969 solum
653 2915 1022 2984 temptarent
1047 2909 1289 2970 animos
1318 2924 1558 2982 eorum,
1604 2908 1718 2969 sed
1750 2907 1881 2968 suis
1913 2921 2222 2980 quemque

251 2992 520 3054 stimulis
563 3000 881 3054 moverent
922 2994 1002 3053 ad
1028 2995 1372 3054 Romanum
1413 2992 1656 3052 bellum.
1720 2989 2107 3056 Damocritus
2140 2987 2221 3045 ad

249 3076 502 3151 Nabim,
532 3077 842 3138 Nicander
871 3077 950 3138 ad
976 3077 1351 3175 Philippum,
1382 3075 1799 3136 Dicaearchus
1830 3074 2015 3132 frater
2029 3084 2218 3167 ‘prae-

253 3161 412 3222 toris
441 3162 900 3222 adAntiochum
922 3167 1019 3222 est
1037 3161 1285 3222 missus.
1320 3166 1584 3236 tyranno
1598 3150 2087 3218 Lacedaemonro
2100 3152 2219 3210 Da

251 3246 549 3306 mocritus
581 3245 883 3320 ademptis
913 3244 1224 3306 maritimis
1256 3241 1601 3304 civitatibus
1634 3245 1983 3300 enervatam
2015 3243 2221 3315 tyran·

250 3328 469 3388 nidem
497 3329 722 3390 dicere.
764 3329 909 3388 inde
936 3330 1202 3403 militem,
1232 3327 1377 3388 inde
1398 3341 1591 3386 naves
1615 3325 1994 3396 navalesque
2016 3321 2224 3382 socios

249 3411 575 3472 habuisse.
621 3414 924 3474 inclusum
955 3415 1085 3474 suis
1117 3427 1315 3488 prope
1340 3411 1530 3471 muris
1559 3409 1847 3470 Achaeos
1876 3406 2088 3466 videre
2116 3405 2225 3464 do-

247 3495 551 3558 minantis
600 3497 660 3556 in
702 3497 1152 3572 Peloponneso.
1219 3511 1551 3570 numquam
1601 3493 1947 3554 habiturum
1988 3489 2227 3564 recipe-
