2548 3950
321 214 449 281 222
674 211 900 271 ‚LiBEn
919 210 1186 270 xxxvl.
1231 210 1400 269 CAP.
1425 220 1477 271 2.
1527 217 1598 283 [a.
1626 166 1762 267 ussc.
1789 215 1912 279 aar.

323 366 829 444 supplicationem
871 364 1240 438 imperarent
1280 366 1600 438 consuleS,
1644 363 1851 441 utique
1891 364 1991 424 Μ’.
2036 366 2278 427 Acilius

321 452 538 513 consul
566 448 746 509 ludos
774 458 1030 523 magnos
1060 448 1190 507 Iovi
1215 454 1472 508 voveret
1508 456 1567 507 et
1594 449 1759 509 dona
1798 449 1873 508 ad
1910 450 2113 509 omnia
2142 452 2277 525 pul-

320 535 570 594 vinaria.
635 531 698 592 id
739 537 948 591 votum
997 531 1058 589 in
1099 530 1253 591 haec
1294 532 1514 604 verba,
1566 540 1898 607 praeeunte
1937 533 2001 590 P.
2041 533 2279 594 Licinio

320 616 611 694 pontifice
638 615 936 687 maximo,
968 614 1185 674 consul
1213 616 1607 690 nuncupavit.
1662 615 1757 690 „si
1798 616 2063 677 duellum
2106 620 2278 692 quod

321 718 459 763 cum
487 715 635 774 rege
661 698 966 760 Antiocho
997 698 1154 758 sumi
1185 700 1455 775 populus
1496 699 1703 773 iussit,
1746 699 1810 760 id
1850 715 1928 759 ex
1971 701 2279 761 sententia

321 792 571 846 senatus
602 783 940 858 populique
966 782 1221 845 Romani
1255 784 1600 843 confectum
1630 784 1773 857 erit,
1811 789 1937 843 tum
1966 783 2103 857 tibi,
2134 785 2271 861 Iup-

318 870 507 945 piter,
550 866 820 943 populus
850 867 1163 927 Romanus
1206 868 1387 929 ludos
1428 881 1687 941 magnos
1719 867 1851 927 dies
1882 867 2098 927 decem
2122 884 2277 930 con-

317 954 525 1013 tinuos
554 952 762 1023 saciet,
809 951 1100 1025 donaque
1140 950 1221 1009 ad
1248 950 1454 1011 omnia
1493 951 1835 1026 pulvinaria
1862 950 2167 1013 dabuntur
2196 954 2278 1012 de

320 1036 609 1113 pecunia,
644 1041 931 1111 quantam
959 1041 1211 1095 senatus
1247 1035 1605 1095 decreverit.
1651 1036 1933 1111 quisquis
1957 1035 2273 1111 magistra-

317 1130 416 1181 tus
445 1136 560 1181 cos
589 1118 770 1180 ludos
802 1119 1050 1191 quando
1079 1118 1311 1193 ubique
1340 1117 1520 1190 faxit,
1549 1118 1611 1177 hi
1640 1118 1765 1179 ludi
1794 1126 1961 1179 recte
1990 1120 2133 1180 facti
2162 1119 2277 1183 do-

318 1218 522 1279 naque
551 1202 694 1263 data
719 1210 886 1262 recte
913 1206 1153 1263 sunto.“
1197 1202 1567 1277 supplicatio
1590 1204 1735 1263 inde
1757 1202 1834 1263 ab
1860 1202 2103 1264 duobus
2128 1219 2257 1265 con

319 1287 553 1349 sulibus
583 1286 783 1346 edicta
812 1300 921 1360 per
955 1285 1205 1347 biduum
1234 1286 1360 1347 suit.

488 1370 856 1433 Consulibus
886 1369 1114 1431 sortitis
1145 1370 1496 1444 provincias
1526 1371 1832 1444 extemplo
1863 1379 1925 1432 et
1953 1380 2273 1446 praetores

318 1457 510 1517 sortiti
541 1463 699 1517 sunt.
757 1454 839 1514 M.
870 1453 1042 1514 Iunio
1070 1453 1258 1515 Bruto
1291 1453 1626 1514 iurisdictio
1657 1459 1916 1530 utraque
1945 1456 2161 1528 evenit,
2194 1460 2273 1517 A.

320 1540 598 1602 Cornelio
642 1538 1008 1598 Mammulae
1053 1538 1300 1611 Bruttii,
1349 1537 1431 1597 M.
1466 1536 1725 1598 Aemilio
1766 1538 2003 1612 Lepido
2046 1536 2273 1614 Sicilia,

294 1625 381 1685 ‘L.
416 1624 614 1699 Oppio
647 1621 968 1683 Salinatori
1001 1620 1311 1695 Sardinia,
1356 1620 1417 1681 C.
1448 1622 1621 1683 Livio
1665 1619 1987 1683 Salinatori
2030 1624 2273 1698 classiS,

315 1708 384 1768 L.
412 1705 672 1767 Aemilio
700 1706 888 1766 Paulo
917 1705 1216 1780 Hispania
1255 1705 1522 1767 ulterior.
1578 1703 1676 1764 his
1718 1705 1801 1765 ita
1828 1707 2133 1768 exercitus
2164 1706 2274 1767 de-

318 1792 484 1852 creti.
529 1793 605 1850 A.
640 1789 919 1850 Cornelio
948 1790 1092 1851 novi
1122 1788 1369 1863 milites,
1403 1790 1736 1864 conscripti
1767 1790 1973 1864 priore
2000 1807 2162 1852 anno
2192 1806 2275 1851 ex

318 1880 570 1935 senatus
601 1875 883 1935 consulto
906 1889 944 1933 a
963 1873 1030 1932 L.
1056 1872 1335 1946 Quinctio
1359 1874 1643 1944 consule,
1677 1874 1801 1933 dati
1831 1882 2001 1948 sunt,
2032 1875 2272 1935 iussus-

319 1975 439 2036 que
480 1959 632 2019 tueri
675 1973 913 2020 omnem
958 1973 1125 2018 oram
1169 1957 1333 2018 circa
1372 1958 1695 2020 Tarentum
1733 1958 2271 2034 Brundisiumque.

315 2045 380 2104 L.
410 2044 671 2104 Aemilio
699 2042 886 2104 Paulo
926 2043 988 2102 in
1030 2042 1383 2103 ulteriorem
1408 2043 1794 2118 Hispaniam,
1851 2051 2093 2119 praeter
2131 2059 2271 2104 eum

316 2128 678 2198 exercitum,
724 2142 904 2202 quem
931 2142 969 2186 a
994 2127 1075 2186 M.
1103 2125 1320 2188 Fulvio
1351 2127 1728 2202 proconsule
1770 2135 2137 2203 accepturus
2170 2142 2263 2188 es·

317 2219 439 2287 set,
476 2212 787 2273 decretum
817 2219 938 2284 est,
983 2219 1052 2272 ut
1078 2227 1380 2272 novorum
1407 2210 1657 2272 militum
1686 2211 1800 2270 tria
1827 2211 1993 2272 milia
2020 2210 2277 2273 duceret

315 2305 378 2357 et
403 2302 710 2356 trecentos
741 2297 1014 2370 equites,
1058 2295 1141 2355 ita
1167 2303 1234 2356 ut
1261 2295 1321 2354 in
1354 2295 1429 2354 iis
1462 2294 1621 2355 duae
1652 2300 1859 2370 partes
1890 2295 2128 2356 socium
2154 2295 2271 2354 La-

317 2379 421 2439 tini
450 2379 742 2453 nominiS,
784 2380 960 2440 tertia
999 2379 1220 2440 civium
1247 2379 1659 2439 Romanorum
1690 2386 1875 2439 esset.
1931 2379 2093 2439 idem
2121 2395 2271 2454 sup—

316 2464 602 2538 plementi
644 2464 726 2523 ad
766 2463 827 2524 C.
869 2462 1258 2535 Flaminium,
1308 2461 1406 2522 cui
1446 2463 1767 2539 imperium
1809 2462 2273 2538 prorogabatur,

316 2549 374 2606 in
403 2548 759 2622 Hispaniam
802 2545 1142 2607 citer10rem
1185 2552 1283 2606 est
1322 2545 1599 2610 missum.
1658 2545 1741 2605 M.
1768 2546 2065 2606 Aemilius
2092 2545 2273 2622 Lepi-

317 2632 434 2691 dus
461 2648 497 2691 a
516 2632 582 2691 L.
606 2630 884 2704 Valerio,
917 2629 1016 2689 cui
1039 2644 1449 2690 successurus
1472 2636 1656 2702 esset,
1688 2629 1869 2690 simul
1894 2629 2273 2705 provinciam

315 2715 774 2788 exercitumque
801 2713 1082 2789 accipere
1110 2713 1351 2784 iussus;
1408 2713 1475 2774 L.
1507 2713 1851 2786 Valerium,
1896 2714 1949 2774 si
1989 2714 2071 2774 ita
2100 2713 2272 2774 vide·

313 2804 510 2871 retur,
553 2813 666 2873 pro
710 2803 993 2872 praetore
1033 2797 1092 2856 in
1125 2798 1444 2875 provincia
1469 2798 1763 2870 retinere,
1804 2804 1866 2857 et
1893 2797 2274 2873 provinciam

315 2882 398 2941 ita
425 2881 728 2953 dividere,
756 2889 826 2942 ut
850 2897 974 2942 una
999 2881 1078 2942 ab
1106 2882 1441 2956 Agrigento
1472 2882 1550 2941 ad
1570 2881 1927 2958 Pachynum
1954 2888 2154 2955 esset,
2184 2883 2275 2940 al·

313 2974 445 3026 tera
471 2982 510 3025 a
534 2965 828 3040 Pachyno
849 2966 1270 3043 Tyndareum
1315 2980 1451 3026 eam
1480 2965 1836 3026 maritimam
1868 2981 2039 3026 oram
2065 2965 2133 3026 L.
2148 2965 2273 3024 Va-

314 3050 498 3110 lerius
540 3050 750 3124 viginti
792 3050 1052 3111 navibus
1096 3048 1295 3124 longis
1339 3048 1688 3110 custodiret.
1754 3048 1953 3110 eidem
2006 3049 2274 3123 praetori

314 3135 694 3208 mandatum,
743 3140 812 3194 ut
859 3134 1013 3194 duas
1065 3135 1358 3218 decumas
1400 3133 1681 3194 frumenti
1732 3131 2035 3208 exigeret;
2087 3130 2152 3192 id
2190 3133 2275 3192 ad

314 3233 480 3278 marc
524 3219 1028 3292 comportandum
1072 3217 1626 3293 devehendumque
1658 3219 1717 3276 in
1748 3216 2068 3278 Graeciam
2097 3231 2272 3276 cura·

313 3308 422 3360 ret.
465 3301 628 3361 idem
656 3302 721 3361 L.
756 3300 952 3376 Oppio
997 3301 1076 3360 de
1118 3301 1323 3362 alteris
1367 3300 1642 3361 decumis
1685 3300 2005 3376 exigendis
2036 3300 2098 3359 in
2129 3299 2274 3360 Sar-

315 3384 479 3444 dinia
506 3383 896 3459 imperatum:
942 3391 1208 3445 ceterum
1259 3401 1382 3446 non
1426 3385 1484 3444 in
1516 3384 1831 3445 Graeciam
1872 3385 1985 3446 sed
2014 3385 2274 3444 Romam

319 3466 379 3525 id
409 3467 773 3527 frumentum
803 3467 1032 3541 portari
1064 3469 1314 3542 placere
1371 3468 1435 3529 C.
1457 3467 1665 3529 Livius
1690 3475 1960 3545 praetor,
1992 3469 2087 3528 cui
2113 3469 2273 3528 clas-
