2548 3950
333 235 418 298 94
623 236 854 298 LIBER
873 235 1139 297 XXXIII.
1182 235 1458 295 CAP.13.
1486 241 1570 295 14.
1616 239 1689 308 [a.
1713 237 1785 292 U.
1808 253 1859 290 ο.
1882 237 2010 304 5⁵5]

335 401 495 460 quae
525 391 665 447 ante
685 384 911 446 bellum
931 384 1308 458 habuissent,
1338 382 1571 442 restitui
1594 382 1831 444 Aetolis
1854 397 2121 458 aequum
2145 399 2291 444 cen-

333 471 527 541 sebat,
559 469 726 529 etita
755 470 815 528 in
845 469 1094 530 foedere
1121 467 1318 543 primo
1350 473 1593 527 cautum
1617 480 1779 539 esse,
1809 471 1877 526 ut
1895 465 2035 525 belli
2058 469 2293 542 praeda

331 567 660 628 rerumque
689 568 849 629 quae
881 550 1023 612 ferri
1053 551 1277 626 agique
1306 556 1593 625 possent,
1634 549 1980 622 RomanoS,
2013 565 2161 624 ager
2188 568 2287 611 ur·

331 637 571 711 besque
599 643 816 712 captae
840 636 1096 696 Aetolos
1127 640 1552 709 sequerentur.
1614 637 1813 708 ,‚vos“
1855 632 2051 708 inquit
2088 633 2291 709 „ipsi“

331 719 646 792 Quinctius
691 719 1041 793 „societatis
1081 717 1257 778 istius
1299 718 1470 792 leges
1510 715 1795 792 rupistis,
1850 733 1974 792 quo
2010 725 2291 792 tempore

328 804 556 863 relictis
597 803 779 862 nobis
820 817 957 862 cum
986 801 1267 877 Philippo
1310 815 1527 876 pacem
1568 801 1819 862 fecistis.
1886 817 2047 874 quae
2078 801 2133 860 si
2161 817 2289 860 ma·

329 893 530 960 neret,
574 893 890 961 captarum
931 893 1129 946 tamen
1172 885 1413 945 urbium
1442 885 1547 945 illa
1572 886 1674 946 lex
1702 887 1889 946 foret:
1934 884 2291 946 Thessaliae

329 971 602 1031 civitates
655 986 771 1031 sua
819 971 1128 1031 voluntate
1168 968 1230 1029 in
1273 969 1578 1029 dicionem
1618 975 1889 1030 nostram
1928 972 2291 1030 venerunt.“

327 1053 481 1113 haec
535 1070 671 1114 cum
708 1053 975 1114 omnium
1013 1052 1323 1114 sociorum
1370 1053 1645 1113 adsensu
1685 1052 1849 1113 dicta
1883 1053 2121 1114 Aetolis
2162 1068 2285 1114 non

325 1138 384 1195 in
431 1139 780 1211 praesentia
819 1138 1004 1198 modo
1045 1137 1257 1211 gravia
1296 1135 1537 1210 auditu,
1588 1138 1703 1197 sed
1744 1152 1888 1196 mox
1934 1135 2115 1196 etiam
2144 1135 2287 1196 belli

327 1235 516 1280 causa
546 1236 1026 1296 magnarumque
1057 1236 1136 1278 ex
1165 1235 1239 1281 eo
1271 1220 1535 1281 cladium
1562 1221 1636 1280 iis
1668 1222 1928 1282 fuerunt.
1980 1235 2118 1279 cum
2146 1218 2282 1280 Phi-

325 1303 498 1379 lippo
541 1303 623 1364 ita
665 1303 980 1378 convenit,
1023 1311 1092 1364 ut
1117 1305 1488 1365 Demetrium
1530 1305 1719 1365 filium
1762 1311 1822 1363 et
1863 1304 2167 1379 quosdam
2208 1318 2285 1362 ex

324 1388 659 1448 amicorum
702 1403 955 1449 numero
1001 1388 1255 1450 obsides
1298 1395 1361 1449 et
1388 1389 1652 1449 ducenta
1692 1389 1918 1447 talenta
1956 1387 2160 1460 daret,
2206 1386 2288 1446 de

325 1473 546 1531 ceteris
585 1473 842 1533 Romam
895 1471 1153 1533 mitteret
1199 1474 1475 1547 legatos3
1530 1472 1612 1532 ad
1650 1487 1786 1531 eam
1825 1485 1955 1530 rem
1999 1475 2289 1546 quattuor

322 1569 601 1614 mensum
631 1555 899 1615 indutiae
928 1562 1156 1616 essent.
1223 1557 1278 1616 si
1308 1572 1433 1631 pax
1461 1571 1584 1616 non
1613 1554 1931 1630 impetrata
1960 1554 2038 1614 ab
2068 1559 2286 1614 senatu

324 1639 510 1710 soret,
555 1637 806 1700 obsides
835 1640 1285 1714 pecuniamque
1311 1639 1487 1700 reddi
1514 1638 1795 1714 Philippo
1823 1644 2140 1712 receptum
2168 1643 2283 1696 est.

324 1735 514 1780 causa
551 1721 828 1782 Romano
878 1723 1229 1798 imperatori
1269 1739 1389 1783 non
1434 1723 1553 1782 alia
1594 1722 1787 1783 maior
1827 1721 2019 1782 fuisse
2066 1719 2285 1780 dicitur

321 1805 716 1865 maturandae
755 1806 957 1881 paciS,
1003 1822 1188 1881 quam
1219 1806 1389 1882 quod
1413 1805 1783 1868 Antiochum
1810 1805 2035 1864 bellum
2067 1803 2283 1864 transi·

211 1885 214 1889 ’
321 1893 571 1962 tumque
599 1890 661 1948 in
689 1889 998 1964 Europam
1029 1890 1227 1950 moliri
1258 1891 1594 1950 constabat.

487 1971 647 2032 XIV.
700 1967 936 2034 Eodem
985 1982 1260 2051 ternpore
1302 1982 1514 2050 atque,
1566 1982 1633 2036 ut
1674 1973 1923 2050 quidam
1956 1971 2283 2047 tradidere,

323 2056 542 2115 eodem
584 2057 684 2117 die
725 2058 805 2117 ad
835 2056 1186 2119 Corinthum
1223 2058 1462 2119 Achaei
1502 2059 1723 2119 ducem
1764 2057 1999 2133 regium
2036 2057 2282 2117 Andro-

321 2140 599 2199 sthenem
628 2140 788 2202 iusto
816 2145 1056 2217 proelio
1086 2143 1391 2204 fuderunt.
1451 2157 1585 2202 eam
1614 2141 1829 2202 urbem
1858 2156 1973 2216 pro
2002 2155 2147 2201 arce
2174 2139 2283 2199 ha-

320 2222 554 2285 bitur-us
574 2223 893 2302 Philippus
917 2227 1218 2288 adversus
1242 2226 1535 2287 Graeciae
1559 2226 1852 2297 civitateS‚
1886 2232 1947 2285 et
1965 2222 2283 2300 principes

319 2308 461 2369 inde
490 2316 786 2371 evocatos
817 2325 927 2385 per
953 2310 1225 2386 speciem
1255 2309 1664 2386 colloquendi,
1697 2316 1985 2384 quantum
2008 2308 2285 2382 equitum

319 2392 468 2451 dare
493 2390 776 2453 Corinthii
805 2394 886 2453 ad
906 2394 1129 2455 bellum
1152 2401 1429 2469 possent,
1453 2393 1783 2454 retinuerat
1802 2408 1915 2468 pro
1941 2390 2282 2464 obsidibuS,

319 2481 379 2535 et
427 2481 673 2548 praeter
730 2478 1099 2551 quingentos
1147 2477 1525 2538 Macedonas
1579 2477 1929 2551 mixtosque
1986 2490 2067 2534 ex
2116 2473 2284 2534 omni

317 2572 546 2631 genere
591 2560 954 2619 auxiliorum
985 2561 1400 2637 octingentos,
1432 2560 1600 2635 quod
1633 2560 1751 2619 iam
1780 2567 1919 2620 ante
1948 2557 2031 2618 ibi
2064 2558 2279 2629 fuerat,

316 2640 480 2699 mille
499 2639 907 2702 Macedonum
937 2656 1012 2702 eo
1041 2643 1290 2704 miserat
1316 2652 1378 2704 et
1398 2645 1559 2704 mille
1588 2659 1663 2703 ac
1692 2644 1991 2703 ducentos
2014 2640 2279 2719 Illyrio&

314 2722 709 2799 Thracasque
741 2731 803 2784 et
833 2725 1174 2801 CretenseS,
1207 2728 1312 2803 qui
1340 2729 1402 2787 in
1433 2735 1693 2802 utraque
1720 2733 1894 2803 parte
1921 2724 2278 2797 militabant,

317 2806 717 2881 octingentos.
790 2808 887 2870 his
935 2810 1121 2871 additi
1153 2811 1375 2872 Boeoti
1398 2810 1803 2884 Thessalique
1832 2815 1892 2869 et
1914 2810 2279 2869 Acarnanes

314 2889 505 2963 mille,
551 2892 770 2952 scutati
803 2909 1045 2967 omneS‚
1091 2901 1153 2955 et
1180 2911 1260 2955 ex
1289 2896 1564 2970 ipsorum
1595 2892 2039 2955 Corinthiorum
2066 2892 2279 2951 iuven-

313 2980 457 3047 tute,
486 2974 736 3051 impleta
762 2983 828 3037 ut
856 2985 1066 3039 essent
1095 2993 1210 3038 sex
1232 2979 1398 3038 milia
1417 2985 1805 3051 armatorum,
1837 2976 2127 3037 fiduciam
2148 2975 2281 3034 An-

314 3056 632 3119 drostheni
689 3061 962 3120 fecerunt
1011 3062 1144 3121 acie
1195 3061 1585 3123 decernendi.
1658 3061 1977 3121 Niceratus
2031 3064 2279 3135 praetor

311 3142 702 3203 Achaeorum
742 3143 1014 3223 Sicyone
1062 3153 1192 3206 erat
1238 3160 1377 3205 cum
1422 3144 1665 3206 duobus
1704 3144 1944 3204 milibus
1985 3142 2277 3218 peditum,

314 3232 556 3286 centum
597 3228 936 3303 equitibus=
991 3229 1107 3288 sed
1146 3229 1443 3303 imparem
1484 3244 1556 3289 se
1590 3236 1649 3288 et
1678 3242 1931 3289 numero
1963 3232 2024 3286 et
2050 3237 2278 3301 genere

311 3310 564 3369 militum
593 3325 854 3371 cernens
881 3311 1205 3372 moenibus
1237 3329 1362 3374 non
1391 3311 1748 3373 excedebat.
1817 3310 2026 3385 regiae
2057 3305 2279 3383 copiae

311 3392 583 3465 peditum
627 3392 1021 3470 equitumque
1059 3410 1256 3470 vagae
1295 3394 1715 3455 Pellenensem
1754 3401 1815 3455 et
1839 3392 2171 3453 Phliasium
2216 3396 2279 3450 et

313 3472 680 3535 Cleonaeum
693 3491 904 3551 agrum
919 3478 1469 3553 depopulabantur.
1494 3483 1809 3553 postremo
1826 3475 2273 3553 exprobrantes
