2548 3950
869 693 1158 789 ΤΙΤΙ
1231 697 1518 792 LlVl

779 844 885 904 AB
941 845 1172 906 URBE
1233 845 1634 910 CONDITA

975 963 1196 1024 LIBER
1233 961 1442 1022 XXXI.

249 1176 556 1230 xplTOME.
627 1175 755 1230 Belli
777 1179 1019 1230 adversus
1050 1182 1337 1250 Philippum
1368 1185 1692 1236 MacedonIae
1721 1201 1915 1253 regem,
1944 1194 2082 1251 quod
2108 1190 2159 1242 iu

324 1248 614 1296 termissnm
652 1253 776 1313 erat,
814 1251 1012 1312 repetiti
1047 1265 1234 1302 causae
1265 1255 1552 1304 referuntur
1586 1253 1716 1304 hae:
1752 1262 1980 1320 tempore
2014 1258 2183 1307 initio-

327 1331 442 1366 rum
487 1315 588 1365 duo
623 1315 834 1366 iuvenes
869 1318 1189 1386 Acarnanes,
1237 1324 1326 1386 qui
1363 1337 1464 1373 non
1510 1323 1694 1373 initiati
1739 1331 1909 1388 erant,
1957 1324 2187 1374 Athenas

323 1393 586 1444 venerunt,
625 1393 676 1434 et
708 1386 983 1436 sacrarium
1004 1385 1199 1440 Cereris
1236 1405 1352 1440 eum
1386 1391 1503 1440 aliis
1532 1390 1867 1456 popularibus
1898 1393 2006 1441 suis
2029 1393 2183 1442 intra-

325 1460 520 1502 verunt.
581 1453 644 1502 ob
692 1452 818 1513 hoe,
873 1463 1128 1518 tamquam
1174 1471 1428 1509 summum
1478 1460 1623 1509 nefas
1671 1460 2069 1524 commisissent,
2118 1463 2185 1512 ab

324 1519 724 1571 Atheniensibus
759 1523 910 1574 occisi
942 1533 1078 1577 sunt.
1130 1529 1423 1577 Acarnanes
1454 1528 1701 1579 mortibus
1722 1542 1927 1578 suorum
1947 1532 2182 1580 commoti

329 1589 401 1640 ad
434 1590 768 1640 vindicandos
801 1591 914 1640 illos
948 1594 1195 1643 auxilium
1221 1596 1508 1662 aPhilippo
1529 1598 1799 1662 petierunt.
1848 1598 2027 1662 paucis
2044 1613 2181 1648 men·

322 1659 470 1708 sibus
504 1666 623 1724 post
651 1673 830 1724 pacem
849 1659 1355 1728 Carthaginiensibus
1390 1667 1576 1730 datam,
1611 1667 2017 1732 quingentesimo
2038 1668 2179 1730 qnin-

323 1729 624 1794 quagesima
661 1742 792 1778 anno
825 1728 902 1779 ab'
923 1732 1046 1781 urbe
1083 1733 1304 1799 condita,
1340 1750 1454 1784 cum
1488 1734 1890 1800 Atheniensium,
1926 1735 2014 1798 qui
2049 1737 2181 1784 obsi·

326 1797 578 1846 debantur
607 1810 640 1845 a
674 1796 937 1864 Philippu,
984 1801 1142 1868 legati
1190 1803 1435 1853 auxilium
1469 1818 1499 1852 a
1526 1804 1765 1854 Romanis
1806 1804 2085 1868 petissent,
2136 1812 2185 1854 et

326 1872 536 1914 senatus
566 1865 621 1914 id
656 1867 936 1916 censuisset
970 1867 1251 1930 ferendum,
1286 1871 1453 1940 plebe,
1490 1873 1629 1934 quod.
1653 1879 1726 1922 tot
1762 1869 2007 1921 bellorum
2026 1875 2185 1922 conti-

323 1947 460 1984 nuus
497 1933 642 1985 labor
673 1935 847 2001 gravis
878 1945 1010 2003 erat,
1046 1938 1404 2002 dissentiente,
1456 1941 1619 1991 tenuit
1650 1940 1926 1992 auctoritas
1963 1947 2186 2006 patrum,

325 2011 384 2052 ut
421 2006 593 2054 sociae
627 2004 819 2056 civitati
857 2006 976 2055 ferri
1011 2022 1162 2073 opem
1198 2009 1420 2073 populus
1446 2024 1645 2073 quoque
1666 2010 1878 2060 iuberet.
1925 2010 2113 2059 bellum
2131 2010 2185 2059 id

323 2072 385 2121 Ρ.
421 2069 645 2138 Sulpicio
682 2073 876 2124 consuli
907 2076 1201 2126 mandatnm
1237 2086 1339 2142 est,
1374 2080 1463 2142 qui
1496 2080 1718 2128 exercitu
1752 2078 1804 2127 in
1838 2077 2183 2129 Macedoniam

326 2142 479 2191 ducto
517 2142 836 2203 equestribus
857 2143 1070 2207 proeliis
1093 2160 1205 2195 cum
1221 2144 1455 2213 Philippo
1481 2162 1722 2212 prospere
1744 2148 2008 2212 pugnavit.
2049 2147 2187 2210 Aby-

327 2209 445 2259 deni
483 2224 514 2259 a
544 2210 777 2275 Philippo
815 2213 1010 2262 obsessi
1045 2215 1113 2264 ad
1148 2216 1436 2279 exemplum
1462 2214 1857 2279 Saguntinorum
1884 2229 2006 2264 suos
2028 2228 2188 2277 seque

331 2278 653 2328 occiderunt:
686 2278 746 2328 L.
779 2280 961 2331 Furius
991 2289 1197 2347 praetor
1215 2281 1390 2331 Gallos
1424 2284 1660 2332 Insubres
1692 2280 1992 2331 rebellantes
2018 2289 2069 2330 et
2084 2282 2163 2329 Ha

327 2346 587 2397 milcarem
620 2347 842 2398 Poenum
879 2348 1066 2399 bellum
1101 2352 1154 2399 in
1187 2366 1250 2399 ea
1283 2358 1426 2415 parte
1462 2350 1751 2399 molientem
1770 2349 1879 2397 acie
1906 2349 2048 2400 vicit.
2089 2348 2188 2397 Ha·

328 2416 507 2465 milcar
539 2431 599 2467 eo
632 2416 764 2467 bello
799 2417 996 2467 occisus
1033 2426 1127 2483 est,
1165 2425 1215 2467 et
1234 2418 1379 2469 milia
1396 2420 1658 2469 hominum
1672 2418 1881 2484 triginta
1898 2433 2005 2469 sex.
2040 2431 2188 2482 prae·

329 2494 474 2535 terea
508 2486 858 2550 expeditiones
893 2486 1119 2553 Philippi
1151 2487 1291 2553 regis
1323 2496 1372 2538 et
1402 2486 1616 2554 Sulpicii
1647 2486 1891 2552 consulis,
1928 2502 2188 2553 expugna·

327 2556 595 2616 tionesque
643 2555 842 2604 urbium
881 2555 944 2605 ab
967 2566 1192 2623 ‚utroque
1236 2555 1397 2607 factas
1430 2558 1665 2607 continet.
1723 2554 1979 2622 Sulpicius
2013 2554 2189 2607 consul

329 2622 517 2671 bellurn
553 2624 760 2688 gerebat
796 2624 1154 2675 adiuvantibus
1190 2639 1314 2689 rege
1349 2626 1517 2676 Attalo
1552 2632 1601 2675 et
1632 2624 1863 2675 Rhodiis.
1909 2624 2165 2690 triumpha

329 2692 402 2739 vit
439 2692 502 2741 de
540 2690 694 2742 Gallis
730 2692 788 2741 L.
829 2692 1010 2741 Furius
1045 2701 1265 2759 praetor.

401 2804 447 2864 1.
489 2803 592 2865 Me
635 2820 888 2880 quoque
928 2806 1121 2882 iuvat,
1165 2808 1331 2866 velut
1372 2808 1508 2881 ipse
1549 2806 1610 2865 in
1656 2814 1827 2881 parte
1857 2805 2085 2866 laboris
2116 2822 2191 2867 ae

225 2887 483 2965 periculi
507 2888 740 2963 fuerim,
772 2889 852 2948 ad
874 2889 1056 2949 finem
1079 2890 1222 2951 belli
1243 2890 1453 2951 Punici
1484 2890 1865 2965 pervenisse.
1909 2906 2047 2949 nam
2075 2892 2190 2950 etsi

226 2970 505 3048 profiteri
553 2988 772 3033 ausum
821 2975 1304 3051 perscripturum
1351 2990 1453 3034 res
1506 2973 1702 3034 omnis
1741 2975 2084 3037 Romanas,
2128 2972 2188 3029 in

227 3054 507 3131 partibus
553 3056 808 3130 singulis
851 3057 999 3117 tanti
1042 3058 1248 3133 operis
1292 3058 1529 3133 fatigari
1570 3058 1815 3117 minime
1844 3053 2189 3127 conveniat,

230 3147 434 3199 tamen
476 3154 613 3199 cum
652 3140 716 3199 in
756 3147 1018 3201 mentem
1060 3142 1228 3200 venit
1264 3146 1390 3201 tres
1434 3148 1494 3201 et
1520 3141 1842 3213 sexaginta
1882 3153 2079 3197 annos
2106 3165 2189 3177 --

227 3230 323 3281 tot
363 3222 525 3281 enim
565 3229 712 3283 sunt
735 3238 774 3283 a
793 3224 993 3298 primo
1023 3225 1254 3285 Punico
1300 3225 1380 3283 ad
1421 3224 1759 3284 secundum
1802 3219 2025 3281 bellum
2056 3219 2189 3279 fini-

229 3314 356 3367 tum
384 3334 474 3349 —
499 3322 698 3383 aeque
724 3308 914 3368 multa
940 3308 1249 3368 volumina
1260 3322 1607 3380 occupasse
1630 3303 1794 3377 mihi,
1812 3322 1994 3379 quam
2014 3321 2189 3365 occu·

231 3389 516 3463 paverint
530 3390 958 3467 quadringenti
983 3390 1525 3464 duodenonaginta
1546 3388 1689 3449 anni
1712 3406 1750 3449 a
1772 3389 2017 3449 condita
2038 3389 2197 3449 urbe

231 3474 314 3533 ad
342 3477 460 3547 Ap.
496 3474 809 3535 Claudium
843 3475 1175 3549 consulem,
1207 3474 1309 3549 qui
1338 3474 1599 3549 primum
1627 3472 1849 3533 bellum
1878 3470 2179 3546 Carthagi·

322 3574 375 3614 r.
415 3573 534 3615 uvx
581 3573 732 3617 PARS
776 3559 879 3615 lv.
1742 3563 1773 3616 l
