2548 3950
574 155 807 215 LlBER
832 155 1154 216 XXXVIH.
1202 156 1368 216 CAP.
1397 165 1450 218 s.
1478 165 1529 218 9.
1577 163 1648 230 [a.
1677 163 1886 230 6169]
2081 158 2206 220 325

218 306 482 368 dendus
526 321 700 378 esse,
744 306 966 367 deinde
994 304 1157 366 mille
1186 306 1477 368 talentum
1509 306 1789 382 [argenti]
1822 309 2056 384 populo
2083 309 2206 370 Ro·

210 407 417 450 mano
460 388 760 464 dandum,
804 391 979 451 euius
1024 405 1300 451 summae
1331 391 1642 451 dimidium
1671 401 1968 466 praesens
1997 408 2207 453 nume-

212 481 421 548 retur,
456 475 508 534 si
540 488 756 550 pacem
783 473 1013 535 habere
1040 475 1284 536 vellent.
1331 475 1410 534 ad
1439 489 1515 534 ea
1537 474 1915 535 adiecturum
1937 475 2116 537 etiam
2146 477 2206 536 in

214 558 457 620 foedus
499 573 675 633 esse,
712 565 785 618 ut
822 558 1078 619 eosdem
1120 574 1281 634 quos
1326 560 1597 633 populus
1627 558 1940 623 Romanus
1971 561 2204 621 amicos

216 649 423 717 atque
451 641 649 702 hostis
677 641 959 702 habeant.
1030 641 1131 701 IX.
1173 643 1480 702 adversus
1513 657 1674 718 quae
1704 641 1918 718 legati,
1965 652 2026 703 et
2053 643 2202 718 quia

218 725 449 801 gravia
487 732 661 786 erant
698 732 759 786 et
798 725 945 802 quia
986 742 1241 788 suorum
1268 725 1509 787 animos
1545 727 1876 787 indomitos
1908 743 1982 787 ac
2011 735 2204 788 muta-

220 808 391 870 biles
431 815 760 885 noverant,
803 810 969 870 nullo
1009 810 1250 872 reddito
1289 825 1600 886 responso
1645 810 1894 871 domum
1929 813 2206 886 regressi

222 901 407 968 sunt,
448 902 516 955 ut
542 892 734 954 etiam
772 901 958 968 atque
1001 894 1210 969 etiam,
1254 893 1408 968 quid
1440 894 1744 968 agendum
1773 901 1971 966 esset,
2015 911 2084 954 re
2114 897 2202 954 in-

226 985 411 1052 tegra
438 985 785 1054 praetorem
814 984 875 1038 et
900 977 1218 1053 principes
1248 979 1658 1038 consulerent.
1707 978 1975 1038 clamore
1995 984 2056 1038 et
2083 979 2205 1038 iur-

226 1061 337 1136 gio
365 1063 644 1136 excepti,
690 1063 862 1138 quod
888 1068 1011 1122 tam
1038 1062 1144 1122 diu
1171 1077 1302 1121 rem
1330 1063 1655 1133 traherent,
1691 1063 2205 1138 qualemcumque

228 1159 455 1220 pacem
474 1146 707 1204 referre
726 1144 900 1219 iussi,
932 1161 1071 1205 cum
1090 1145 1362 1206 redirent
1382 1145 1789 1219 Ambraciam,
1814 1147 2203 1207 Acarnanum

228 1227 477 1288 insidiis
509 1243 708 1304 prope
733 1229 895 1287 viam
927 1226 1177 1303 positiS,
1220 1246 1359 1290 cum
1390 1229 1616 1305 quibus
1644 1229 2048 1304 bellumerat,
2085 1227 2200 1288 cir-

234 1311 547 1372 cumventi
586 1310 877 1388 Thy-rium
928 1311 1317 1372 custodiendi
1358 1312 1762 1372 deducuntur.
1835 1311 1989 1370 hacc
2029 1325 2199 1376 mora

228 1396 455 1457 iniecta
496 1403 594 1456 est
633 1397 793 1472 paci.
866 1411 1002 1456 cum
1046 1396 1163 1454 iam
1206 1393 1670 1456 Atheniensium
1695 1393 2202 1469 Rhodiorumque

230 1479 434 1554 legati,
466 1479 567 1554 qui
598 1477 678 1539 ad
702 1479 1164 1554 deprecandum
1194 1496 1307 1554 pro
1337 1479 1414 1540 iis
1442 1485 1756 1550 venerant,
1787 1478 1953 1552 apud
1978 1493 2202 1539 consu·

231 1565 356 1622 lem
384 1568 623 1636 essent,
663 1562 1066 1640 Amynander
1091 1577 1347 1639 vquoque
1373 1561 1780 1622 Athamanum
1805 1575 1920 1620 rex
1947 1560 2072 1620 fide
2101 1577 2200 1620 ac·

235 1653 419 1721 cepta
466 1652 719 1706 venerat
769 1645 829 1705 in
880 1651 1083 1706 castra
1120 1646 1426 1721 Romana,
1479 1645 1674 1722 magis
1723 1661 1834 1720 pro
1873 1643 2200 1708 Ambracia

232 1729 419 1804 urbe,
462 1726 567 1790 ubi
604 1730 897 1790 maiorem
938 1735 1175 1804 partem
1208 1730 1508 1806 temporis
1531 1729 1970 1802 exsulaverat,
2017 1745 2196 1804 quam

234 1827 349 1888 pro
378 1814 617 1875 Aetolis
660 1812 975 1890 sollicitus.
1044 1829 1154 1889 per
1192 1815 1311 1875 hos
1351 1813 1575 1875 certior
1616 1814 1814 1874 factus
1859 1813 2077 1873 consul
2121 1813 2200 1873 de

235 1910 389 1957 casu
428 1898 763 1972 legatorum
792 1897 1015 1957 adduci
1045 1910 1157 1958 eos
1185 1915 1224 1958 a
1250 1899 1480 1977 Thyrio
1511 1897 1722 1966 iussit;
1768 1911 2028 1970 quorum
2058 1904 2197 1968 pos*

234 1981 565 2043 adventum
593 1982 692 2057 agi
720 1988 1005 2056 coeptum
1024 1988 1121 2041 est
1140 1982 1219 2041 de
1242 1997 1418 2057 pace.
1463 1980 1879 2057 Amynander,
1912 1978 2084 2055 quod
2104 1980 2202 2040 sui

234 2066 509 2125 maxime
522 2064 731 2141 operis
756 2071 902 2136 erat,
926 2064 1187 2140 impigre
1208 2064 1430 2141 agebat
1450 2070 1517 2126 ut
1537 2062 2012 2123 Ambracienses
2033 2078 2200 2141 com-

237 2150 491 2223 pelleret
530 2150 610 2209 ad
652 2148 1043 2209 deditionem.
1105 2149 1169 2208 id
1198 2164 1336 2208 eum
1376 2160 1492 2223 per
1520 2147 1828 2223 colloquia
1855 2147 2200 2223 principum

237 2233 585 2294 succedens
627 2248 865 2293 murum
904 2247 1121 2307 parum
1168 2232 1523 2307 proficeret,
1565 2238 1882 2305 postremo
1926 2230 2199 2291 consulis

238 2317 544 2391 permissu
566 2317 885 2391 ingressus
910 2317 1123 2376 urbem
1144 2316 1366 2391 partim
1388 2313 1648 2376 consilio
1671 2314 1887 2390 partim
1911 2312 2200 2389 precibus

238 2400 434 2474 evicit,
463 2408 531 2461 ut
559 2400 973 2476 permitterent
1000 2414 1072 2459 se
1097 2398 1413 2461 Romani-s.
1457 2406 1518 2459 et
1546 2398 1801 2458 Aetolos
1825 2398 1886 2457 C.
1911 2395 2200 2459 Valerius

236 2482 484 2543 Laevini
525 2484 717 2552 filius,
763 2483 867 2558 qui
896 2498 1035 2543 eum
1064 2498 1141 2543 ea
1168 2489 1350 2558 gente
1382 2483 1640 2557 primum
1669 2480 1996 2541 amicitiam
2024 2480 2200 2556 pepi-

238 2570 439 2640 gerat,
483 2566 755 2627 consulis
792 2567 977 2626 frater
1016 2574 1207 2627 matre
1250 2566 1468 2627 eadem
1501 2566 1774 2641 genitus,
1816 2562 2065 2640 egregie
2091 2564 2198 2624 ad-

237 2650 401 2710 iuvit.
459 2648 936 2711 Ambracienses
968 2649 1141 2726 prius
1172 2648 1354 2725 pacti,
1385 2657 1451 2710 ut
1477 2650 1838 2712 Aetolorum
1869 2647 2200 2709 auxiliares

240 2733 374 2793 sine
414 2734 630 2795 fraude
659 2732 1023 2809 emitterent,
1066 2742 1441 2810 aperuerunt
1468 2739 1702 2809 portas.
1767 2732 1908 2793 dein
1934 2732 2000 2770 *¹*
2025 2733 2199 2808 quin·

238 2824 417 2891 genta
443 2816 719 2879 Euboica
746 2824 814 2878 ut
842 2819 1057 2879 darent
1084 2819 1330 2891 talenta,
1364 2834 1444 2879 ex
1473 2816 1700 2893 quibus
1731 2818 1996 2878 ducenta
2022 2831 2200 2891 prae·

240 2902 449 2975 sentia,
468 2908 751 2985 ⁹trecenta
781 2917 892 2976 per
918 2918 1118 2963 annos
1150 2917 1265 2963 sex
1287 2900 1690 2976 pensionibus
1714 2898 1964 2976 aequis;
2011 2898 2200 2972 capti-

240 2999 351 3043 vos
404 2984 820 3059 perfugasque
865 2986 1196 3045 redderent
1234 2985 1562 3053 Romanis3
1627 2984 1842 3043 urbem
1888 2996 1966 3041 ne
1993 2996 2201 3055 quam

242 3068 535 3126 formulae
565 3066 662 3127 sui
689 3064 841 3126 iuris
872 3068 1170 3140 tacerent,
1217 3082 1378 3148 quae
1405 3073 1552 3141 post
1578 3066 1642 3126 id
1672 3071 1946 3141 tempuS,
1980 3079 2104 3141 quo
2134 3064 2198 3124 T.

242 3148 553 3225 Quinctius
584 3149 930 3210 traiecisset
956 3150 1017 3210 in
1050 3149 1398 3224 Graeciam,
1440 3156 1546 3211 aut
1569 3148 1632 3209 vi
1661 3154 1842 3224 capta
1871 3148 1947 3208 ab
1975 3148 2200 3209 Roma-

239 3234 331 3294 nis
360 3240 527 3295 esset
555 3241 661 3295 aut
684 3232 992 3295 voluntate
1016 3232 1079 3293 in
1104 3231 1428 3295 amicitiam
1456 3232 1763 3302 venissen
1809 3231 2202 3308 Cephallenia

240 3316 436 3379 insula
474 3325 543 3378 ut
583 3324 759 3379 extra
800 3317 896 3378 ius
940 3317 1211 3379 foederis
1243 3322 1432 3378 esset.
1499 3316 1654 3378 haec
1686 3332 2054 3392 quamquam
2085 3330 2202 3390 spe

242 3400 511 3479 ipsorum
538 3402 851 3479 aliquanto
872 3400 1113 3463 leviora
1142 3408 1343 3478 erant,
1377 3398 1728 3477 petentibus
1756 3398 1995 3462 Aetolis
2023 3406 2092 3461 ut
2119 3398 2199 3459 ad
