2548 3950
522 145 751 204 LIBER
777 144 1069 204 XXXVII.
1116 145 1282 205 CAP.
1313 155 1399 206 20.
1429 155 1517 208 21.
1563 153 1634 218 [a.
1669 153 1733 206 C.
1767 154 1890 219 190]
2079 145 2205 210 279

232 298 433 362 etiam
473 297 689 370 territi,
732 311 869 355 cum
908 293 1153 356 vincula
1186 296 1605 372 abrupissent,
1653 297 2114 375 trepidationem
2145 311 2206 362 e't

229 382 569 444 tumultum
626 378 783 438 inter
830 395 999 439 suos
1030 379 1322 440 fecerunt.
1390 381 1574 455 pauci
1624 382 1869 442 stabant
1912 381 2203 459 impavidi

232 464 431 542 equi=
486 479 599 522 eos
636 463 812 536 ipsos
854 478 977 522 non
1014 469 1321 537 sternere,
1364 479 1488 524 non
1528 463 1831 524 infrenare
1859 473 1962 526 aut
1989 481 2202 527 escen÷

238 551 403 610 dere
443 545 623 606 facile
656 551 965 620 poterant,
1008 547 1195 606 multo
1237 545 1527 606 maiorem
1573 563 1755 624 quam
1796 565 1910 623 pro
1949 565 2200 610 numero

233 631 525 706 equitum
552 636 847 690 terrorem
872 629 1141 688 Achaeis
1168 629 1587 690 inferentibus.
1657 630 1898 706 pedites
1925 648 2073 693 vero
2103 649 2202 693 or-

238 714 445 776 dinati
488 721 549 774 et
587 713 935 788 praeparati
981 727 1239 786 sparsos
1279 728 1392 788 per
1440 713 1880 789 neglegentiam
1923 724 1982 776 et
2023 717 2201 777 semi-

244 813 509 859 somnos
550 811 747 871 prope
787 795 983 856 adorti
1024 802 1184 855 sunt.
1240 797 1466 856 caedes
1508 799 1742 871 passim
1785 798 2053 874 fugaque
2094 815 2204 874 per

243 897 509 956 campos
537 880 701 939 >facta
727 885 840 938 est.
880 876 1233 952 Diophanes
1257 887 1506 940 secu-tus
1530 879 1766 941 effusos
1787 883 1993 955 quoad
2013 889 2205 944 tutum

250 965 398 1038 fuit,
441 978 663 1043 magno
706 963 931 1022 decore
968 961 1133 1036 genti
1158 962 1550 1024 Achaeorum
1576 971 1753 1038 parto
1781 997 1858 1012 «-
1885 973 2203 1039 spectave-

249 1055 391 1108 rant
418 1047 577 1106 enim
608 1060 643 1106 e
669 1045 987 1106 moenibus
1008 1045 1286 1119 Pergami
1315 1063 1438 1106 non
1465 1045 1579 1106 viri
1602 1047 1786 1108 modo
1811 1048 1925 1108 sed
1943 1048 2204 1108 feminae

248 1131 437 1192 etiam
465 1163 535 1174 —-
561 1130 624 1190 in
653 1128 1028 1204 praesidium
1060 1129 1229 1189 urbis
1256 1129 1435 1190 redit.
1499 1129 1652 1190 XXI.
1673 1137 1950 1206 postero
1981 1131 2080 1191 die
2107 1147 2202 1191 re-

250 1215 395 1288 giae
434 1211 627 1291 magis
670 1212 1047 1286 compositae
1090 1221 1151 1272 et
1176 1213 1493 1288 ordinatae
1533 1213 1826 1275 stationes
1857 1215 2204 1290 quingentis

250 1296 547 1372 passibus
592 1293 835 1370 longius
878 1295 955 1354 ab
1000 1295 1153 1356 urbe
1195 1303 1544 1368 posuerunt·
1575 1303 1810 1363 castra;
1873 1304 1934 1356 et
1971 1296 2201 1357 Achaei

252 1381 477 1442 eodem
516 1381 705 1440 ferme
740 1385 1017 1454 tempore
1056 1385 1239 1453 atque
1266 1379 1328 1438 in
1359 1379 1622 1440 eundem
1649 1379 1852 1440 locum
1879 1395 2204 1453 processe-

250 1470 416 1524 runt.
471 1478 583 1537 per
622 1463 841 1523 multas
882 1461 1071 1522 horas
1109 1461 1321 1522 intenti
1361 1463 1664 1536 utrimque
1706 1464 1870 1523 velut
1901 1462 2020 1522 iam
2047 1463 2203 1523 futu·

253 1563 389 1610 rum
444 1546 734 1620 impetum
783 1551 1322 1618 exspectaverant:
1392 1551 1720 1620 postquam
1776 1544 1941 1605 haud
1989 1545 2206 1620 procul

255 1646 487 1693 occasu
528 1628 677 1692 solis
705 1627 1004 1690 redeundi
1034 1627 1093 1692 in
1124 1634 1328 1688 castra
1354 1635 1596 1703 tempus
1627 1635 1784 1702 erat,
1828 1626 1983 1703 regii
2011 1629 2204 1704 signis

252 1713 493 1774 collatis
520 1710 690 1775 abire
718 1711 959 1786 agmine
986 1710 1207 1772 aditet·
1225 1711 1422 1786 magis
1450 1727 1632 1786 quam
1651 1711 1733 1771 ad
1754 1727 2020 1787 pugnam
2040 1727 2201 1772 com-

257 1797 461 1872 posito
512 1807 793 1870 coepere.
864 1795 1094 1870 quievit
1131 1793 1515 1870 Diophanes,
1571 1794 1716 1857 dum
1763 1795 1826 1854 in
1865 1802 2207 1870 conspectu

254 1887 457 1942 erante
497 1877 719 1942 deinde
748 1879 967 1939 eodem
996 1892 1119 1953 quo
1149 1877 1346 1952 pridie
1367 1879 1593 1953 impetu
1615 1877 1676 1936 in
1702 1885 2079 1952 postremum
2102 1894 2203 1952 ag-

254 1980 395 2027 men
434 1962 715 2035 incurrit,
752 1969 1108 2036 tantumque
1148 1975 1365 2023 rursus
1408 1957 1658 2037 pavoris
1699 1974 1774 2021 ac
1799 1962 2088 2021 tumultus
2115 1961 2207 2021 in-

256 2048 478 2118 cussit,
519 2053 585 2110 ut
614 2060 763 2107 ‚cum
788 2052 961 2119 terga
990 2044 1421 2117 caederentur,
1461 2060 1640 2105 nemo
1672 2044 1984 2118 pugnandi
2015 2060 2204 2109 causa

258 2129 568 2199 restiterit3
615 2127 1115 2202 trepidantesque
1145 2136 1207 2188 et
1230 2125 1337 2187 vix
1366 2126 1640 2187 ordinem
1671 2126 1928 2201 agminis
1957 2143 2204 2187 servan-

257 2223 350 2275 tes
377 2210 441 2273 in
471 2218 671 2275 castra
699 2210 999 2285 compulsi
1022 2217 1181 2271 sunt.
1224 2209 1378 2269 haec
1402 2209 1792 2272 Achaeorum
1819 2210 2076 2271 audacia
2099 2208 2204 2269 Se-

260 2299 499 2360 leucum
529 2310 607 2355 ex
634 2310 783 2368 agro
812 2294 1185 2367 Pergameno
1212 2307 1463 2353 movere
1494 2298 1696 2353 castra
1726 2292 1942 2366 coegit.

421 2376 765 2441 Antiochus
816 2384 1147 2451 postquam
1189 2376 1501 2437 Romanos
1552 2375 1630 2434 ad
1679 2374 1972 2436 tuendum
2009 2373 2210 2433 Adra-

258 2468 554 2539 mytteum
580 2460 828 2521 venisse
854 2457 1103 2531 audivit,
1134 2472 1207 2519 ea
1237 2458 1484 2533 quidem
1505 2458 1658 2517 urbe
1678 2458 1982 2529 abstinuit,
2016 2458 2206 2531 depo·

259 2546 504 2619 putatus
555 2557 757 2616 agros.
828 2541 1121 2601 Peraeam
1172 2541 1316 2601 inde
1359 2540 1662 2601 coloniam
1701 2542 2205 2620 Mitylenaeorum

259 2625 653 2701 expugnavit.
693 2625 912 2703 Cotton
943 2632 1004 2686 et
1032 2624 1371 2701 Corylenus
1401 2631 1462 2685 et
1486 2623 1898 2699 Aphrodisias
1928 2630 1990 2684 et
2016 2624 2207 2685 Crene

260 2710 455 2787 primo
486 2709 717 2783 impetu
746 2718 961 2785 captae
992 2715 1156 2769 sunt·.-
1196 2709 1341 2770 inde
1369 2724 1481 2785 per
1501 2708 1849 2787 Thyatiram
1873 2708 2086 2769 Sardis
2113 2722 2206 2767 re·

258 2793 384 2854 diit.
458 2791 756 2855 Seleucus
796 2793 857 2853 in
900 2808 1010 2857 ora
1056 2792 1354 2855 maritima
1401 2808 1766 2868 permanens
1816 2792 1953 2853 aliis
1993 2790 2206 2852 terrori

261 2883 387 2936 erat
428 2876 561 2937 aliis
602 2876 935 2952 praesidio.
1003 2876 1225 2937 classis
1257 2877 1540 2938 Romana
1579 2890 1718 2936 cum
1743 2874 2017 2945 Eumene
2043 2872 2184 2935 Rho

260 2959 499 3035 diisque
525 2960 856 3037 Mitylenen
884 2960 1112 3034 primo,
1154 2960 1296 3019 inde
1322 2966 1516 3031 retro,
1558 2959 1725 3019 unde
1754 2957 2034 3031 profecta
2062 2964 2208 3025 erat,

262 3042 505 3102 Elaeam
542 3043 717 3103 redit.
782 3043 926 3103 inde
954 3041 1296 3102 Phocaeam
1323 3047 1600 3114 petentes
1628 3040 1709 3099 ad
1738 3038 1996 3100 insulam
2028 3054 2208 3114 quam

261 3124 589 3185 Bacchium
637 3130 865 3187 vocant
887 3156 977 3167 —
1001 3124 1271 3183 imminet
1311 3121 1450 3183 urbi
1487 3120 2080 3191 Phocaeensium—
2101 3136 2209 3197 ap-

264 3209 571 3284 pulerunt,
614 3217 696 3269 et.
716 3208 939 3285 quibus
986 3213 1124 3269 ante
1164 3204 1583 3267 abstinuerant
1618 3204 1864 3279 templis
1894 3203 2211 3279 signisque

263 3324 345 3339 —-
364 3290 609 3366 egregie
652 3299 855 3355 autem
904 3297 1201 3354 exornata
1238 3288 1442 3350 insula
1479 3294 1610 3347 erat
1639 3322 1710 3354 Ι-
1738 3302 1877 3350 cum
1915 3284 2214 3349 hostiliter

264 3373 673 3451 diripuissent,
704 3374 784 3435 ad
810 3373 1008 3451 ipsam
1038 3372 1253 3434 urbem
1279 3370 1766 3432 transmiserunt.
1831 3385 1966 3431 eam
1997 3370 2210 3431 divisis
