2548 3950
370 163 493 226 356
547 163 777 225 LIBER
798 161 1120 224 XXXVIII.
1164 161 1334 220 CAP.
1363 168 1449 222 51.
1495 160 1568 236 [a.
1585 163 1653 216 U.
1671 181 1719 216 c.
1736 167 1860 221 564.
1887 178 1938 215 a.
1955 163 2016 215 0.
2035 163 2163 230 188]

370 318 544 374 extra
572 313 792 372 saltum
824 309 987 370 circa
1014 312 1305 386 templum
1325 308 1689 368 Bendidium
1721 316 1929 368 castra
1955 311 2094 369 loco
2115 317 2335 384 aperto

372 395 609 472 posuit;
648 409 795 468 pars
824 396 1013 453 altera
1042 393 1121 451 ad
1152 392 1492 452 custodiam
1522 392 2104 466 impedimentorum
2129 393 2334 454 medio

370 481 429 538 in
462 480 651 551 saltu,
696 477 924 552 duplici
966 476 1340 536 circumdato
1382 475 1574 547 vallo,
1617 475 1860 535 mansit.
1927 483 2188 549 postero
2223 477 2335 548 die,

372 563 542 638 prius
572 561 891 636 explorato
934 561 1094 619 saltu
1126 570 1310 634 quam
1337 564 1684 630 moverent,
1728 557 1946 633 primis
1979 571 2052 619 se
2083 559 2336 619 coniun—

369 651 537 722 gunt.
580 645 643 704 in
672 658 747 704 eo
780 643 1013 718 proelio
1046 656 1183 702 cum
1211 648 1273 702 et
1299 641 1873 725 impedimentorum
1902 655 2052 717 pars
2085 650 2149 702 et
2177 645 2340 703 calo·

371 746 514 790 num
534 734 595 788 et
614 727 831 788 milites
854 727 1102 801 aliquot,
1128 737 1265 787 cum
1287 725 1520 801 passim
1541 731 1668 786 toto
1693 740 1890 800 prope
1915 726 2081 786 saltu
2103 741 2338 802 pugna-

368 821 565 885 retur,
620 807 1016 884 cecidissent,
1078 810 1400 885 plurimum
1449 807 1517 884 Q,
1556 809 1804 870 Minucii
1843 809 2094 869 'mermi
2143 819 2340 870 morte

370 895 575 958 damni
602 901 700 956 est
726 901 1072 970 acceptum,
1104 893 1282 955 fortis
1311 906 1384 954 ac
1413 893 1642 954 strenui
1670 890 1805 953 viri.
1849 907 1926 953 eo
1964 894 2069 952 die
2105 894 2188 952 ad
2223 894 2339 953 He-

368 980 544 1041 brum
580 978 807 1039 flumen
838 984 1197 1054 perventum
1222 983 1337 1038 est.
1383 975 1527 1036 inde
1554 974 1892 1040 Aeniorum
1919 975 2066 1036 finis
2097 984 2342 1052 praeter

368 1063 692 1138 Apollinis,
720 1060 1113 1139 Zerynthium
1142 1075 1325 1136 quem
1351 1067 1576 1121 vocant
1600 1059 1870 1134 incolae,
1909 1061 2215 1135 tempium
2243 1076 2340 1120 su·

370 1151 603 1222 perant.
634 1145 791 1204 aliae
813 1145 1133 1219 angustiae
1144 1145 1310 1204 circa
1320 1142 2340 1222 Tempymexcipiunt—hocioco

370 1243 590 1290 nomen
619 1233 717 1288 est
734 1256 845 1302 --—,
878 1239 991 1288 nec
1019 1229 1219 1290 minus
1250 1229 1655 1302 confragosae
1683 1243 1868 1306 quam
1895 1227 2180 1303 priorem
2231 1228 2342 1288 sed

371 1313 514 1389 quia
556 1313 707 1373 nihil
752 1311 1035 1373 silvestre
1073 1312 1237 1372 circa
1278 1319 1402 1385 est,
1445 1324 1526 1370 ne
1554 1311 1820 1372 latebras
1851 1311 2110 1387 quidem
2141 1313 2227 1372 ad
2257 1313 2338 1370 in·

368 1397 716 1457 sidiandum
731 1396 1047 1472 praebent.
1077 1396 1199 1456 huc
1215 1395 1294 1456 ad
1309 1395 1566 1456 eandem
1582 1409 1758 1471 spem
1770 1397 2044 1472 praedae
2053 1395 2340 1470 Thrausi,

368 1493 523 1555 gens
554 1489 614 1541 et
642 1480 782 1555 ipsa
807 1478 1122 1551 Thracum,
1156 1491 1524 1540 convenere.
1586 1479 1698 1539 sed
1730 1481 1876 1554 quia
1903 1479 2116 1540 nudae
2143 1481 2338 1540 valles

368 1563 584 1638 procul
607 1570 680 1622 vut
708 1563 1210 1638 conspicerentur
1238 1563 1553 1637 angustias
1582 1563 1938 1624 obsidentes
1961 1555 2338 1636 efficiebant,

369 1646 571 1705 minus
613 1646 861 1706 terroris
903 1648 1319 1722 tumultusque
1358 1647 1471 1707 fluit
1505 1647 1676 1723 apud
1709 1647 2060 1708 Romanose
2106 1646 2340 1723 'quippe

371 1728 486 1788 etsi
515 1728 725 1804 iniquo
756 1728 927 1801 loco,
970 1730 1205 1802 proelio
1234 1737 1438 1790 tamen
1464 1730 1656 1804 iusto,
1699 1730 1832 1791 acie
1860 1738 2108 1808 aperta,
2143 1731 2337 1806 signis

370 1811 607 1873 collatis
633 1811 1042 1872 dimicandum
1064 1818 1210 1873 erat.
1242 1814 1499 1874 conferti
1516 1813 1855 1876 subeuntes
1881 1824 2024 1876 eum
2043 1815 2336 1887 clami-e,

373 1902 603 1973 rmp'em
631 1895 823 1971 facto,
855 1895 1117 1973 primum
1146 1898 1442 1973 expulere
1467 1898 1607 1959 loco
1635 1896 1832 1960 hostis
1848 1944 1864 1972 ,
1891 1898 2130 1960 deinde
2163 1913 2337 1958 aver-

374 1992 519 2043 tere.
577 1982 723 2057 fuga
750 1980 897 2041 inde
924 1982 1278 2057 caedesque
1295 2015 1322 2055 ,·
1355 1982 1484 2043 suis
1515 1982 1688 2057 ipsos
1716 1980 2199 2057 impedientibus
2235 1996 2336 2042 an·

370 2064 609 2139 gustiis,
637 2064 771 2125 fieri
802 2072 1019 2139 coepta
1050 2072 1161 2127 est.
1200 2065 1462 2125 Romani
1489 2065 1754 2128 victores
1786 2066 2105 2127 ad'vicum
2131 2066 2336 2126 Maro·

370 2149 633 2210 nitarum
649 2177 735 2193 ·--
757 2147 953 2209 Saren
994 2148 1308 2225 appellant
1325 2178 1412 2193 --—
1431 2156 1772 2226 posuerunt
1799 2156 2024 2210 castra.
2073 2156 2334 2225 postero

372 2232 471 2291 die
498 2233 729 2307 patenti
757 2231 972 2293 itinere
992 2230 1289 2293 Priaticus
1319 2246 1574 2309 campus
1599 2247 1710 2295 eos
1732 2234 2006 2309 excepit3
2038 2231 2332 2293 triduum·

372 2330 494 2389 que
521 2316 603 2377 ibt
630 2316 997 2376 manentum
1025 2317 1401 2392 accipientes
1430 2324 1785 2379 manserunt
1807 2324 2042 2393 partem
2063 2332 2147 2377 ex
2171 2318 2332 2391 agris

371 2398 821 2472 Maronitarum,
854 2399 1312 2463 conferentibus
1335 2400 1509 2476 ipsiS‚
1536 2408 1770 2476 partem
1791 2416 1867 2460 ex
1884 2400 2160 2462 navibus
2183 2402 2330 2474 suis,

373 2498 533 2556 quae
564 2496 700 2544 curn
732 2484 927 2543 omnis
958 2485 1201 2559 generis
1232 2491 1574 2546 commeatu
1601 2484 2036 2560 sequebantur.
2103 2485 2184 2545 ab
2212 2493 2331 2546 sta·

372 2564 511 2625 tivis
536 2564 656 2625 diei
683 2564 780 2625 via
791 2566 1183 2642 Apolloniam
1202 2568 1335 2631 fuit.
1378 2566 1519 2628 hinc
1541 2582 1654 2645 per
1665 2566 2096 2629 Abderitarum
2115 2584 2330 2645 agrum

370 2646 690 2721 Neapolim
728 2658 1092 2723 ‘perventum
1133 2657 1246 2713 est.
1317 2651 1438 2713 hoc
1467 2668 1648 2713 omne
1677 2667 1792 2729 per
1817 2652 2201 2713 Graecorum
2226 2666 2326 2712 co-

370 2728 568 2790 lonias
610 2737 891 2805 pacatum
926 2731 1041 2793 iter
1071 2734 1208 2808 ruit,
1239 2735 1541 2812 reliquum
1567 2736 1711 2798 inde
1737 2750 1851 2811 per
1869 2736 2120 2798 medios
2147 2736 2326 2796 ‘nira-

370 2828 477 2875 cas
509 2814 643 2874 dies
670 2821 1045 2891 noctesque,
1076 2818 1193 2878 etsi
1220 2835 1346 2879 non
1375 2818 1682 2891 infestum,
1713 2826 1916 2880 tamen
1947 2827 2322 2896 suspectum,

368 2898 569 2960 donec
590 2898 651 2958 in
672 2896 1095 2961 Macedoniam
1122 2910 1548 2978 pervenerunt.
1579 2903 1847 2964 mitiores
1869 2902 2141 2965 Thracas
2171 2904 2326 2963 idem

368 2981 697 3058 exercitus,
730 2998 869 3043 cum
891 2998 929 3043 a
954 2982 1243 3059 Scipione
1270 2987 1490 3048 eadem
1514 2987 1620 3049 ’via
1641 2988 1982 3061 duceretur,
2011 2987 2324 3060 habuerat,

366 3066 593 3127 nullam
622 3068 702 3128 ob
732 3066 911 3127 aliam
940 3082 1189 3130 causam
1214 3083 1401 3145 quam
1427 3071 1595 3146 quod
1611 3072 1884 3146 praedae
1903 3070 2124 3144 minus,
2161 3071 2322 3147 quod

368 3155 694 3223 peteretur,
723 3152 935 3225 fuerat,
968 3167 1338 3229 quamquam
1366 3159 1492 3215 tum
1524 3168 1771 3231 quoque
1789 3153 2087 3216 Claudius
2114 3161 2326 3215 auctor

368 3237 464 3289 est
501 3232 581 3290 ad
626 3232 974 3305 quindecim
1014 3234 1179 3295 milia
1216 3235 1515 3297 Thracum
1561 3238 1950 3313 praecedenti
1989 3239 2072 3298 ad
2105 3240 2320 3313 explo-

366 3312 560 3371 randa
598 3312 738 3373 loca
766 3328 983 3387 agmen
1007 3316 1246 3377 Muttini
1269 3318 1569 3379 Numidae
1607 3320 1977 3381 occurrisse.
2033 3320 2321 3397 quadrin-

367 3398 587 3460 gentos
616 3395 855 3467 equites
882 3397 1077 3457 fuisse
1104 3400 1425 3476 Numidas,
1459 3418 1692 3478 paucos
1723 3403 2118 3481 elephantem
2165 3404 2314 3463 Mut—
