2548 3950
609 218 838 281 LIBER
856 220 1098 281 XXXV.
1146 222 1312 283 CAP.
1340 232 1433 285 29.
1456 232 1545 285 30.
1593 232 1669 298 [a.
1691 231 1755 283 C.
1788 232 1911 299 192]
2113 228 2229 293 201

269 372 450 433 dictis
484 371 743 447 perfuga
771 371 941 444 fecit,
987 388 1169 446 quam
1201 375 1493 449 perculso
1523 383 1690 437 metu
1714 377 2105 453 relinquendi
2135 395 2235 440 ca·

267 464 400 517 stra
422 470 675 515 causam
697 455 1076 529 probabilem
1101 456 1401 531 praebuit.
1430 465 1685 533 postero
1710 460 1811 521 die
1822 460 2231 541 Pythagoram

267 556 408 599 cum
450 538 848 601 auxiliaribus
890 546 952 599 et
991 539 1264 614 equitatu
1306 538 1631 603 stationem
1670 559 1856 618 agere
1902 561 2016 621 pro
2066 548 2225 609 vallo

263 622 485 683 iussit=
557 621 697 697 ipse
744 627 1054 697 tamquam
1101 621 1164 683 in
1215 625 1410 685 aciem
1462 642 1601 687 eum
1645 626 1873 689 robore
1924 630 2229 692 exercitus

263 720 560 782 egressus
591 705 768 781 signa
795 706 968 768 ocius
1009 706 1154 767 ferri
1194 707 1273 768 ad
1302 708 1517 770 urbem
1545 710 1741 771 iussit.
1804 712 1984 773 XXX.
2028 711 2227 775 Philo-

261 805 526 867 poemen
557 796 888 866 postquam
931 790 1176 851 citatum
1225 806 1443 867 agmen
1490 809 1601 869 per
1642 802 1965 869 angustam
1995 803 2057 858 et
2084 812 2227 872 pro-

263 874 482 935 clivem
510 874 673 934 viam
701 874 844 934 duci
871 874 1090 949 raptim
1119 872 1303 948 vidit,
1347 876 1682 951 equitatum
1723 895 1966 940 omnem
1996 888 2055 942 et
2085 880 2225 941 Cre-

259 958 524 1019 tensium
555 956 884 1019 auxiliares
915 958 976 1017 in
1003 958 1325 1019 stationem
1354 959 1649 1037 hosti-um,
1684 977 1844 1037 quae
1866 978 1982 1038 pro
2007 964 2225 1025 castris

259 1049 419 1118 erat,
463 1040 691 1103 emittit.
747 1040 832 1099 illi
874 1042 977 1101 ubi
1016 1040 1214 1103 hostis
1257 1042 1484 1126 adesse
1518 1050 1579 1105 et
1606 1060 1645 1105 a
1674 1045 1806 1107 suis
1836 1062 1907 1107 se
1937 1047 2223 1108 desertos
2302 1113 2309 1117 ,

257 1126 572 1199 viderunt,
603 1124 800 1201 primo
831 1125 893 1184 in
923 1131 1124 1186 castra
1148 1127 1430 1202 recipere
1460 1144 1531 1188 se
1562 1129 1763 1190 conati
1792 1136 1967 1201 sunt3
2000 1130 2224 1193 deinde

259 1218 591 1285 postquam
633 1210 929 1269 instructa
971 1208 1138 1270 acies
1179 1216 1309 1271 tota
1332 1210 1725 1273 Achaeorum
1758 1213 2203 1277 admovebatur

256 1301 422 1356 metu
470 1308 550 1353 ne
596 1308 732 1353 cum
783 1289 940 1367 ipsis
992 1292 1208 1353 castris
1273 1302 1667 1371 caperentur,
1738 1298 1917 1373 sequi
1968 1314 2221 1363 suorum

256 1392 478 1453 agmen
509 1378 888 1452 aliquantum
919 1391 1353 1453 praegressum
1382 1378 1685 1441 insistunt.
1740 1382 2048 1455 extemplo
2081 1398 2218 1443 cae·-

253 1462 392 1522 trati
419 1460 813 1523 Achaeorum
855 1459 916 1519 in
949 1467 1151 1521 castra
1191 1460 1481 1537 impetum
1527 1462 1755 1524 faciunt
1792 1470 1855 1523 et
1892 1463 2219 1540 diripiunt.

257 1545 444 1605 ceteri
474 1544 552 1605 ad
584 1545 1052 1620 persequendos
1080 1544 1295 1606 hostes
1324 1544 1414 1605 ire
1444 1554 1719 1622 pergunt.
1778 1554 1910 1607 erat
1936 1548 2050 1609 iter
2076 1549 2216 1617 tale.

257 1644 368 1705 per
397 1629 569 1704 quod
599 1628 700 1688 vix
727 1628 1118 1703 tranquillum
1147 1628 1228 1689 ab
1255 1628 1464 1691 hostili
1494 1636 1659 1692 metu
1686 1646 1905 1706 agmen
1936 1633 2214 1707 expedit-³
2298 1679 2303 1681 -

255 1720 500 1789 posset:
542 1720 610 1772 ut
649 1728 798 1773 vero
843 1714 924 1773 ad
963 1718 1311 1787 postremos
1353 1714 1655 1789 proelium
1686 1724 1884 1779 ortum
1926 1724 2049 1795 est,
2093 1718 2215 1777 cla-

251 1811 512 1871 morque
542 1795 823 1857 terribilis
854 1794 932 1855 ab
961 1802 1132 1872 tergo
1162 1796 1515 1872 paventium
1556 1800 1635 1859 ad
1678 1800 1874 1875 prima
1913 1800 2093 1875 signa
2120 1810 2215 1863 est

252 1882 557 1957 perlatuS,
598 1896 712 1957 pro
757 1896 828 1940 se
859 1880 1126 1957 quisque
1166 1882 1352 1943 armis
1396 1881 1651 1943 abiectis
1696 1883 1756 1942 in
1790 1884 2213 1945 circumiectas

253 1964 451 2026 itineri
480 1964 676 2028 silvas
699 1962 1052 2041 diffugiunt,
1089 1974 1526 2042 momentoque
1554 1966 1851 2044 temporis
1882 1973 2087 2044 strage
2115 1985 2211 2029 ar·

252 2065 489 2110 morum
532 2055 747 2125 saepta
785 2049 887 2110 via
927 2055 1050 2122 est,
1093 2050 1359 2110 maxime
1396 2050 1623 2126 hastis,
1674 2067 1835 2126 quae
1879 2054 2213 2128 pleraeque

252 2134 555 2194 adversae
597 2133 884 2194 cadentes
926 2134 1094 2194 velut
1130 2136 1295 2195 vallo
1340 2134 1581 2196 obiecto
1624 2135 1738 2196 iter
1778 2135 2211 2211 impediebant.

249 2215 718 2294 Philopoemen,
747 2223 1078 2291 utcumque
1108 2224 1395 2293 possent,
1438 2219 1667 2278 instare
1694 2226 1755 2279 et
1781 2218 2076 2293 persequi
2105 2235 2209 2280 au·

249 2299 568 2362 xiliaribus
607 2299 793 2361 iussis
823 2332 906 2344 -
936 2301 1148 2376 utique
1182 2301 1365 2377 ‚enim
1415 2300 1721 2375 equitibus
1763 2301 1931 2361 haud
1970 2301 2209 2362 facilem

252 2385 514 2444 futuram
547 2386 748 2460 fugam
775 2413 892 2457 —-,
933 2383 1070 2459 ipse
1098 2385 1347 2460 gravius
1383 2399 1602 2460 agmen
1630 2383 1735 2446 via
1760 2383 2101 2460 patentiore
2130 2387 2211 2446 ad

251 2467 522 2530 Eurotan
563 2481 804 2528 amnem
845 2467 1125 2534 deduxit..
1178 2467 1261 2530 ibi
1305 2467 1522 2530 castris
1564 2469 1679 2530 sub
1723 2483 2018 2530 occasum
2056 2469 2207 2530 solis

253 2552 473 2626 positis
504 2553 702 2612 levem
743 2558 1138 2626 armaturam,
1183 2569 1367 2626 quam
1411 2553 1490 2613 ad
1532 2552 2030 2629 persequendum
2068 2552 2217 2613 reli-'

255 2640 474 2710 querat
498 2635 767 2711 hostem,
799 2636 1250 2710 opperiebatur.
1298 2638 1401 2713 qui
1430 2637 1533 2699 ubi
1562 2637 1761 2713 prima
1786 2636 1996 2714 vigilia
2020 2651 2207 2696 vene-

249 2727 422 2792 runt,
466 2719 814 2781 nuntiantes
855 2726 1184 2796 tyrannum
1227 2737 1367 2780 cum
1407 2722 1623 2797 paucis
1667 2722 1747 2782 ad
1775 2721 1991 2782 urbem
2020 2735 2200 2796 pene-

249 2809 466 2876 trasse,
485 2809 751 2866 ceteram
762 2802 1204 2866 multitudinem
1225 2805 1517 2865 inermem
1539 2811 1666 2867 toto
1691 2821 1973 2881 sparsam
1998 2803 2208 2880 vagari

249 2889 442 2962 saltu,
473 2897 736 2962 corpora
766 2902 980 2949 curare
1009 2903 1122 2960 eos
1155 2887 1339 2949 iubet.
1384 2889 1521 2964 ipse
1548 2904 1627 2950 ex
1658 2896 1861 2950 cetera
1891 2888 2071 2964 copia
2098 2887 2208 2947 mi·

249 2971 448 3044 litum,
482 2971 588 3046 qui
621 2970 766 3046 quia
796 2971 1035 3046 priores
1065 2972 1126 3032 in
1157 2979 1361 3034 castra
1387 2980 1706 3047 venerant,
1735 2971 1949 3032 refecti
1980 2976 2042 3032 et
2069 2971 2209 3033 cibo

249 3064 491 3131 sumpto
531 3063 594 3115 et
631 3054 876 3115 modica
918 3055 1121 3130 quiete
1164 3065 1364 3130 erant,
1418 3056 1722 3129 delectoS,
1774 3054 1923 3114 nihil
1964 3053 2211 3129 praeter

247 3139 487 3214 gladios
519 3151 730 3200 secum
759 3139 1040 3213 ferentiS,
1071 3142 1379 3214 extemplo
1409 3139 1642 3212 educit,
1685 3145 1747 3199 et
1775 3137 2035 3198 duarum
2062 3151 2207 3212 por-

247 3231 440 3284 tarum
488 3222 838 3296 itiner-ibim,
899 3237 1059 3297 quae
1107 3222 1337 3284 Pharas
1388 3236 1672 3298 quaeque
1719 3218 2207 3282 Barbosthenem

246 3309 476 3382 ferunt,
507 3321 620 3367 eos
651 3305 963 3381 instruxit,
1013 3323 1136 3382 qua
1164 3321 1243 3366 ex
1271 3307 1419 3383 fuga
1445 3310 1805 3381 recepturos
1835 3317 1980 3366 sese
2006 3301 2205 3364 hostis

247 3391 583 3452 credebat.·
623 3405 740 3450 nec
790 3405 930 3450 eum
981 3390 1188 3465 opinio
1241 3388 1469 3451 fefellit.
1536 3405 1677 3451 nam
1715 3385 2208 3460 Lacedaemonii,

247 3475 458 3552 quoad
501 3471 656 3534 lucis
699 3473 1001 3549 superfuit
1044 3473 1403 3550 quiequam,
1457 3473 1651 3534 deviis
1704 3471 1961 3534 callibus
2002 3468 2209 3534 medio
