2548 3950
374 123 503 186 3⁶26
590 121 824 182 LIBER
844 121 1166 182 XXXVIII.
1213 121 1379 182 CAP.
1403 129 1456 184 9.
1485 130 1570 182 10.
1597 131 1681 184 ll.
1729 129 1802 196 [a.
1829 128 1896 182 U.
1921 147 1971 182 c.
1995 133 2126 196 563]

378 273 703 337 concilium
730 275 1031 334 referrent
1060 272 1432 351 permissum
1459 281 1575 334 est.
1638 289 1834 348 parva
1861 274 2240 352 disceptatio
2269 279 2340 338 de

374 359 630 420 urbibus
675 357 899 428 tenuit,
948 372 1110 432 quae
1159 372 1300 418 cum
1349 356 1445 418 sui
1485 355 1638 418 iuris
1677 359 2014 433 aliquando
2061 361 2337 432 fuissent,

374 443 554 502 avelli
596 443 765 502 velut
798 457 835 500 a
864 457 1129 516 corpore
1174 457 1293 501 suo
1335 455 1522 516 aegre
1561 441 1980 515 patiebanture
2035 444 2123 504 ad
2157 461 2338 504 unum

375 541 591 590 omnes
634 533 830 585 tamen
862 523 1061 600 accipi
1091 539 1308 598 pacem
1336 525 1666 584 iusserunt.
1727 525 2218 588 Ambracienses
2249 545 2338 588 co-

373 626 591 672 ronam
618 624 869 670 auream
896 608 1133 669 consuli
1164 614 1408 670 centum
1436 613 1498 670 et
1524 609 1968 684 quinquaginta
1997 612 2221 686 pondo
2245 614 2338 672 de-

376 697 613 756 derunt.
658 692 837 766 signa
872 707 1065 752 aenea
1092 706 1562 788 marmoreaque
1591 700 1654 754 et
1677 693 1926 754 tabulae
1955 695 2188 768 pictae,
2221 698 2340 770 qui—

373 779 493 839 bus
523 794 593 838 οι
599 777 792 837 natior
810 775 1156 848 Ambracia,
1188 775 1332 850 quia
1357 775 1528 850 regia
1555 774 1642 835 ibi
1659 775 1880 854 Pyrrhi
1896 778 2134 872 ‘sueran
2167 795 2338 854 quam

376 869 617 922 ceterae
630 858 901 934 regionis
924 860 1057 920 eius
1081 859 1265 920 urbes
1289 865 1478 931 erant,
1495 859 1732 920 sublata
1748 860 1956 922 omnia
1977 869 2336 937 avectaque.

376 945 520 1006 nihil
551 949 870 1018 praeterea
896 951 1122 1004 tactum
1148 943 1539 1004 violatumve.
1705 999 1710 1004 ,

541 1029 614 1088 X.
680 1026 996 1087 Profectus
1044 1027 1123 1086 ab
1163 1026 1491 1087 Ambracia
1537 1027 1754 1088 consul
1794 1027 1854 1087 in
1893 1027 2340 1090 mediterranea

372 1112 670 1182 Aetoliae,
701 1110 779 1170 ad
801 1111 1004 1184 Argos
1026 1109 1521 1184 Amphilochium
1547 1143 1619 1154 -—
1649 1109 1862 1184 viginti
1891 1110 2024 1173 duo
2049 1111 2226 1172 milia
2272 1112 2336 1172 ab

374 1194 702 1256 Ambracia
730 1193 907 1253 abest
926 1225 1007 1234 -—-
1034 1200 1235 1254 eastra
1263 1192 1492 1268 posuit.
1548 1209 1624 1255 eo
1652 1192 1899 1255 tandem
1925 1195 2124 1269 legati
2147 1196 2340 1256 Aetoli

375 1279 631 1340 mirante
673 1279 929 1338 consule
971 1277 1136 1352 quod
1179 1283 1563 1337 morarentur
1600 1284 1919 1336 venerunt.
1994 1278 2149 1338 inde
2179 1287 2336 1354 post·

378 1379 563 1438 quam
611 1360 998 1436 approbasse
1046 1375 1263 1436 pacem
1315 1360 1638 1421 concilium
1679 1361 2042 1422 Aetolorum
2089 1363 2337 1438 aceepit,

374 1446 566 1507 iussis
596 1444 907 1519 proficisci
936 1444 1192 1504 Romam
1220 1443 1302 1503 ad
1331 1449 1642 1518 senatum,
1684 1441 2156 1520 permissoque,
2198 1453 2340 1506 utet

374 1527 603 1591 Rhodii
631 1536 692 1588 et
717 1527 1125 1588 Athenienses
1154 1527 1590 1602 deprecatores
1618 1527 1804 1600 irent,
1847 1527 1994 1588 dato
2027 1526 2142 1602 qui
2169 1531 2336 1590 simul

374 1630 517 1674 cum
544 1610 619 1672 iis
652 1610 1145 1685 proficisceretur
1174 1609 1236 1671 C.
1264 1609 1514 1671 Valerio
1549 1612 1734 1670 fratre
1762 1610 1900 1686 ipsc
1926 1612 1991 1671 in
2023 1611 2334 1687 Cephalle-

376 1698 543 1757 niam
569 1694 821 1756 traiecit.
882 1701 1369 1768 praeoccupatas
1405 1695 1571 1754 auris
1602 1693 1966 1770 animosque
1995 1696 2334 1770 principum

375 1781 611 1842 Romae
652 1775 1001 1838 criminibus
1042 1775 1306 1853 Philippi
1346 1776 1734 1850 invenerunt,
1781 1779 1889 1853 qui
1928 1793 2046 1852 per
2083 1780 2332 1854 legatos,

380 1881 490 1943 per
518 1865 745 1928 litteras
775 1862 1049 1936 Dolopas
1074 1860 1652 1938 Amphilochosque.
1673 1869 1736 1923 et
1751 1861 2185 1922 Athamaniam
2216 1878 2334 1924 ere-

378 1957 518 2027 ptas
542 1948 661 2011 sibi
685 1961 968 2025 quemne,
992 1945 1428 2023 praesidiaque
1451 1961 1581 2020 sua,
1608 1953 1918 2023 postremo
1941 1945 2140 2008 filium
2165 1945 2334 2007 etiam

383 2036 603 2095 Persea
630 2048 709 2093 ex
729 2030 1151 2105 Amphilochis
1182 2030 1447 2107 pulsum,
1483 2034 1787 2092 averterat
1814 2037 2097 2091 senatum
2131 2032 2210 2091 ab
2240 2046 2332 2091 au-

374 2110 620 2179 diendis
671 2114 963 2192 precibus
1014 2130 1243 2177 eorum.
1312 2114 1538 2177 Rhodii
1587 2123 1786 2176 tamen
1831 2121 1893 2175 et
1928 2114 2332 2177 Athenienses

368 2219 517 2263 -cum
547 2201 785 2273 silentio
817 2198 1008 2262 auditi
1038 2206 1197 2261 sunt.
1268 2197 1666 2261 Atheniensis
1697 2200 1937 2273 legatus
1965 2197 2142 2260 Leon
2169 2200 2331 2259 Hice-

368 2288 509 2347 siae
551 2287 713 2347 filius
758 2284 1109 2360 eloquentia
1150 2284 1332 2356 etiam
1367 2283 1588 2345 dicitur
1615 2282 1918 2354 movisse3
1964 2282 2072 2359 qui
2101 2284 2332 2357 vulgata

370 2370 799 2442 similitudine,
835 2368 988 2429 mari
1016 2368 1344 2443 tranquillo
1377 2368 1549 2443 quod
1574 2367 1773 2429 ventis
1803 2367 2216 2429 concitaretur
2245 2381 2330 2425 ae-

371 2454 763 2530 quiperando
806 2451 1249 2515 multitudinem
1277 2452 1670 2527 Aetolorum,
1713 2467 1868 2513 usus
1885 2498 1900 2525 ,
1945 2466 2087 2511 cum
2127 2451 2189 2512 in
2224 2450 2331 2509 fide

380 2539 697 2599 Romanae
724 2536 1038 2599 societatis
1063 2537 1454 2622 mansissent,
1483 2535 1667 2600 insita
1689 2535 1890 2611 gentis
1911 2534 2332 2611 tranquillitate

380 2623 636 2696 quiesse
668 2638 781 2683 eos
812 2622 1043 2682 aiebat:
1087 2626 1418 2697 postquam
1447 2618 1600 2681 flare
1631 2621 1708 2682 ab
1736 2619 1892 2681 Asia
1917 2618 2127 2680 Thoas
2157 2625 2220 2681 et
2243 2618 2329 2677 Di-

380 2703 736 2777 caearchus,
767 2703 846 2763 ab
864 2702 1119 2779 Europa
1136 2704 1447 2765 Menestas
1479 2711 1541 2765 et
1558 2704 1944 2767 Damocritus
1965 2705 2330 2780 coepissent,

378 2795 508 2849 tum
545 2788 707 2847 illam
747 2790 1172 2860 tempestatem
1216 2796 1488 2859 coortam
1529 2804 1689 2864 quae
1718 2787 1798 2848 ad
1824 2787 2206 2852 Antiochum
2232 2801 2328 2847 eos

376 2873 539 2933 sicut
565 2869 627 2931 in
657 2872 979 2947 scopulum
1009 2872 1333 2935 intulisset.
1371 2873 1472 2933 XI.
1518 2871 1624 2933 diu
1645 2873 1847 2934 iactati
1867 2872 2077 2941 Aetoli
2101 2871 2328 2933 tandem

322 2978 325 2981 ⁴
374 2964 447 3019 ut
476 2954 875 3019 condiciones
906 2956 1079 3031 pacis
1116 2956 1515 3018 convenirent
1543 2956 1900 3019 effecerunt.
1965 2958 2214 3021 fuerunt
2237 2971 2325 3014 au-

377 3050 499 3102 tem
529 3039 702 3101 haee.
744 3039 1107 3117 „imperium
1135 3041 1640 3117 maiestatemque
1662 3040 1877 3117 populi
1898 3040 2164 3103 Romani
2191 3052 2330 3115 gens

375 3124 739 3187 Aetolorum
780 3132 1151 3187 conservato
1194 3124 1330 3187 sine
1359 3126 1504 3187 dolo
1534 3126 1736 3189 malo.-
1785 3140 1866 3185 ne
1895 3138 2086 3201 quem
2113 3119 2329 3185 exerci-

375 3218 507 3268 tum
522 3254 539 3279 ,
572 3206 681 3282 qui
706 3208 1009 3269 adversus
1042 3210 1252 3271 socios
1282 3208 1644 3286 amicosque
1673 3224 1886 3271 eorum
1913 3208 2208 3280 ducetur,
2233 3219 2329 3281 per

381 3290 539 3350 fines
582 3305 733 3350 suos
773 3292 1033 3353 transire
1076 3292 1288 3363 sinito,
1330 3306 1490 3353 neve
1529 3294 1654 3353 ulla
1693 3303 1815 3369 ope
1857 3292 2086 3358 iuvato.
2147 3287 2328 3351 hostis

378 3372 637 3430 eosdem
661 3370 903 3446 ‚habeto
936 3389 1094 3447 quos
1126 3376 1394 3450 populus
1423 3375 1768 3447 Romanus,
1812 3388 2108 3448 armaque
2135 3371 2198 3431 in
2231 3386 2329 3431 eos
