2548 3950
384 220 462 284 lo
672 217 904 280 LIBER
931 216 1140 276 XXXI.
1185 215 1353 274 CAP.
1386 223 1469 274 ιι.
1503 222 1587 274 12.
1634 220 1707 288 [a.
1738 219 1809 270 U.
1843 236 1891 270 ο.
1920 217 2046 284 552]

372 371 664 451 quirique
693 370 938 442 debere,
969 375 1036 429 ut
1064 365 1182 428 sibi
1204 383 1287 427 ex
1318 365 1570 426 foedere
1597 363 2009 426 restituantur.
2081 363 2239 425 haec
2252 365 2348 458 ¹‚ad

300 452 306 458 ’
371 452 912 531 Carthaginienses
936 452 1239 512 mandata.
1282 447 1651 510 Masinissae
1674 445 2157 524 gratulariiussi,
2176 448 2351 524 quod

375 557 501 602 non
534 536 797 615 patrium
824 537 1009 601 modo
1033 540 1473 609 recuperasset
1490 547 1764 608 regnum,
1787 533 1903 594 sed
1926 538 2099 606 parte
2120 529 2351 592 floren·

379 622 617 687 tissima
645 617 952 700 Syphacis
983 617 1196 680 finium
1223 615 1465 677 adiecta
1494 615 1676 676 etiam
1704 616 2000 676 auxisset.
2065 613 2353 676 nuntiare

383 715 702 785 praeterea
749 702 907 765 iussi
954 702 1182 763 bellum
1233 716 1373 762 cum
1428 714 1575 774 rege
1626 696 1908 774 Philippo
1968 708 2347 776 susceptum,

375 790 551 868 quod
581 784 1112 862 Carthaginienses
1151 782 1398 845 auxiliis
1439 781 1728 854 iuvisset,
1773 780 2156 858 iniuriasque
2198 781 2351 844 inse-

377 875 574 936 rendo
608 870 798 934 sociis
825 868 1044 947 populi
1069 866 1334 930 Romani
1362 865 1658 942 flagrante
1686 866 1849 927 bello
1894 863 2065 926 ltalia
2108 864 2349 941 coegis-

380 965 478 1020 set
508 959 745 1019 classes
774 952 1210 1028 exercitusque
1238 951 1302 1012 in
1334 950 1651 1010 Graeciam
1679 947 1860 1022 mitti,
1901 957 1964 1012 et
1999 946 2351 1011 distinendo

378 1039 600 1117 copias
631 1055 821 1100 causa
851 1037 913 1098 in
943 1035 1156 1113 primis
1188 1035 1410 1096 fuisset
1436 1032 1637 1094 serius
1667 1030 1729 1102 in
1760 1030 2029 1093 Africam
2067 1032 2351 1094 traicien-

378 1124 478 1186 di=
534 1129 939 1200 peterentque
967 1127 1035 1180 ut
1063 1120 1144 1179 ad
1173 1119 1238 1179 id
1265 1118 1493 1178 bellum
1520 1117 1783 1178 mitteret
1808 1114 2041 1177 auxilia
2066 1116 2355 1178 Numida·

385 1225 519 1270 rum
547 1205 841 1282 equitum.
913 1204 1079 1264 dona
1104 1203 1309 1276 ampla
1338 1201 1508 1275 data,
1553 1216 1715 1276 quae
1744 1202 1972 1261 ferrent
1996 1199 2157 1275 regi,
2204 1215 2359 1262 vasa

383 1307 575 1354 aurea
603 1296 1038 1365 argenteaque,
1083 1294 1227 1362 toga
1255 1301 1571 1361 purpurea
1598 1292 1659 1346 et
1686 1285 1951 1360 palmata
1980 1283 2187 1346 tunica
2216 1299 2359 1344 cum

385 1377 657 1438 eburneo
689 1370 990 1449 scipione,
1024 1377 1085 1432 et
1111 1377 1256 1445 toga
1284 1375 1602 1445 praetexta
1624 1384 1763 1428 cum
1789 1366 1983 1428 curuli
2012 1367 2197 1439 sella3
2229 1367 2358 1430 ius·

386 1459 566 1534 sique
610 1455 919 1533 polliceri,
975 1452 1031 1516 si
1073 1453 1224 1529 quid
1266 1451 1327 1513 ei
1368 1453 1450 1512 ad
1488 1451 1851 1513 firmandum
1880 1452 2361 1528 augendumque

388 1557 644 1617 regnum
677 1556 838 1615 opus
868 1554 1013 1600 csse
1049 1536 1415 1610 indicasset,
1467 1535 1649 1596 enixe
1691 1535 1752 1594 id
1797 1536 2091 1610 populum
2130 1535 2357 1596 Roma·

383 1641 531 1686 num
563 1621 777 1684 merito
810 1621 944 1683 eius
975 1628 1447 1696 praestaturum.

544 1704 878 1768 Verminae
909 1719 1160 1780 quoque
1190 1703 1499 1782 Syphacis
1542 1702 1650 1762 filii
1691 1702 1872 1778 legati
1912 1718 2023 1778 per
2065 1719 2180 1764 eos
2222 1701 2359 1763 dies

389 1799 670 1854 senatum
697 1787 979 1850 adierunt
1007 1795 1381 1848 excusantes
1416 1802 1687 1847 errorem
1728 1785 2361 1862 adolescentiamque,

391 1883 450 1937 at
479 1877 724 1951 culpam
753 1887 995 1933 omnem
1036 1869 1097 1932 in
1129 1871 1407 1932 fraudem
1450 1868 2035 1944 Carthaginiensium
2078 1879 2365 1932 averten-

391 1971 514 2021 tes:
568 1965 630 2019 et
675 1954 1072 2019 Masinissam
1119 1953 1415 2018 Romanis
1466 1970 1545 2017 ex
1586 1953 1766 2016 hoste
1804 1952 2067 2015 amicum
2098 1954 2364 2028 factum3

395 2042 741 2104 Verminam
773 2056 1024 2116 quoque
1052 2038 1428 2112 adnisurum,
1460 2055 1540 2099 ne
1572 2038 1795 2099 officiis
1825 2038 1885 2099 in
1915 2038 2214 2115 populum
2237 2040 2365 2100 Ro-

387 2144 632 2187 manum
663 2131 768 2187 aut
795 2142 832 2185 a
872 2122 1207 2184 Masinissa
1233 2132 1339 2185 aut
1366 2123 1443 2183 ab
1474 2124 1598 2184 ullo
1627 2120 1747 2183 alio
1778 2122 2074 2185 vincatur.
2148 2130 2367 2199 petere

389 2220 456 2274 ut
495 2226 605 2271 rex
648 2207 987 2284 sociusque
1026 2214 1088 2270 et
1125 2205 1361 2269 amicus
1401 2207 1480 2267 ab
1522 2214 1741 2267 senatu
1767 2207 2201 2283 appellaretur.
2268 2222 2369 2267 re-

390 2312 693 2372 sponsum
721 2292 939 2369 legatis
971 2298 1157 2354 estet
1183 2298 1423 2369 patrem
1452 2290 1587 2352 eius
1618 2289 1971 2368 Syphacem
2002 2289 2138 2352 sine
2169 2306 2369 2353 causa

388 2377 677 2441 ex‘socio
707 2386 769 2440 et
796 2376 993 2438 amico
1023 2377 1264 2438 hostem
1292 2382 1546 2451 repente
1574 2374 1791 2451 populi
1822 2373 2087 2435 Romani
2116 2374 2367 2448 sactum,

385 2470 453 2523 et
481 2478 622 2523 eum
651 2459 856 2535 ipsum
893 2458 1305 2521 rudimentum
1344 2458 1803 2520 adolescentiae
1841 2458 2005 2519 bello
2048 2458 2369 2520 lacessen-

395 2554 514 2607 tem
543 2545 860 2605 Romanos
905 2542 1216 2618 posuisse.
1299 2540 1507 2617 itaque
1547 2558 1764 2617 pacem
1802 2541 1889 2601 illi
1930 2540 2107 2617 prius
2149 2550 2371 2618 peten-

393 2629 535 2689 dam
563 2628 642 2688 ab
673 2628 904 2703 populo
933 2626 1212 2687 Romano
1244 2640 1419 2700 esse,
1462 2642 1645 2701 quam
1690 2634 1755 2687 ut
1794 2642 1906 2687 rex
1934 2624 2279 2702 sociusque
2307 2634 2375 2687 et

385 2712 628 2773 amicus
680 2711 1045 2787 appelletur.
1135 2707 1401 2771 nominis
1450 2708 1585 2771 eius
1627 2709 1926 2773 honorem
1964 2726 2080 2786 pro
2126 2710 2373 2787 magnis

393 2812 544 2871 erga
566 2811 635 2855 se
655 2811 868 2870 regum
891 2792 1121 2855 meritis
1145 2795 1295 2855 dare
1322 2796 1615 2869 populum
1636 2796 1977 2857 Romanum
1997 2809 2374 2855 consuesse.

394 2880 632 2955 legatos
658 2880 972 2941 Romanos
1001 2876 1064 2936 in
1093 2878 1304 2938 Africa
1332 2878 1495 2951 fore,
1542 2877 1769 2955 quibus
1808 2877 2238 2939 mandaturum
2270 2894 2343 2939 se

390 2969 632 3034 natum,
675 2970 741 3022 ut
767 2960 1096 3022 Verminae
1140 2960 1315 3037 pacis
1346 2962 1493 3023 dent
1519 2963 1720 3037 leges,
1764 2961 2021 3023 liberum
2049 2959 2375 3023 arbitrium

389 3046 527 3107 :eius
572 3047 806 3122 populo
853 3047 1127 3107 Romano
1173 3044 1561 3121 permittenti.
1636 3045 1691 3105 si
1746 3044 1897 3121 quid
1937 3046 2020 3106 ad
2066 3060 2177 3106 eas
2220 3043 2377 3107 addi

391 3128 558 3193 demi
598 3129 896 3193 mutarive
942 3130 1153 3205 vellet,
1185 3146 1403 3190 rursus
1442 3130 1521 3189 ab
1566 3136 1782 3191 senatu
1824 3128 1883 3191 ei
1926 3129 2375 3205 postulandum

354 3228 364 3238 ’
396 3214 550 3275 fore.
621 3214 802 3291 legati
835 3230 972 3275 cum
1002 3211 1078 3274 iis
1107 3213 1412 3274 mandatis
1441 3212 1501 3272 in
1542 3211 1814 3273 Africam
1843 3211 2015 3273 missi
2047 3211 2111 3272 C.
2144 3213 2375 3273 Teren·

394 3296 517 3359 tius
537 3299 734 3359 Varro
760 3298 866 3375 Sp.
891 3296 1211 3360 Lucretius
1236 3294 1345 3358 Gn.
1373 3294 1683 3357 Octavius,
1737 3296 2219 3373 quinqueremes
2245 3294 2377 3358 sin-

395 3380 555 3455 gulis
587 3382 785 3443 datae.

555 3464 682 3525 XII.
727 3463 989 3529 Litterae
1020 3464 1244 3526 deinde
1273 3464 1336 3525 in
1381 3473 1599 3527 senatu
1629 3464 1916 3526 recitatae
1960 3472 2103 3526 sun-t
2145 3464 2217 3539 Q.
2260 3461 2382 3525 Mi-
