2548 3950
562 240 793 301 LIBER
817 239 1087 303 xxxw.
1134 238 1302 301 cAP.
1323 248 1413 304 34.
1434 248 1523 303 35.
1568 240 1639 320 [a.
1664 244 1876 321 0191]
2068 241 2195 308 251

226 392 403 469 atqui
432 407 560 454 non
585 397 815 452 tantum
843 390 1098 453 interest
1121 398 1335 455 nostra
1354 392 1714 454 Aetolorum
1744 406 1901 470 opes
1929 409 2004 455 ac
2032 394 2197 460 vires

225 473 455 550 minui,
501 480 794 551 quantum
833 490 958 537 non
995 490 1190 549 supra
1226 476 1477 538 modum
1505 473 1850 552 Philippum
1894 492 2203 555 crescere,-

224 568 290 621 et
333 557 628 621 victoriae
677 566 817 621 tuae
865 559 1201 634 praemium
1239 566 1301 621 te
1340 557 1690 635 militesque
1737 567 1879 622 tuos
1923 562 2197 623 nondum

225 644 391 704 duas
450 642 638 705 urbes
652 686 667 715 ,
735 641 1085 718 Philippum
1137 648 1229 704 tot
1282 649 1498 717 gentes
1558 641 1851 711 Graeciae
1907 644 2195 707 habere.“

221 726 470 787 XXXV.
513 724 972 788 adsentiebatur
998 726 1094 787 his
1125 727 1375 787 consul:
1418 726 1535 788 sed
1561 727 1794 802 pudor,
1828 728 1882 788 si
1909 727 2077 791 irrito
2106 728 2196 790 in·

225 816 415 885 cepto
457 809 824 871 abscederet
857 808 1202 883 obsidione,
1230 808 1611 871 occurrebat.
1681 816 1811 873 tota
1836 809 1983 871 inde
2012 812 2193 887 Quin·

225 894 352 955 ctio
381 908 484 953 res
512 892 819 970 permissa
847 900 961 954 est.
1005 891 1062 954 is
1089 908 1308 954 rursus
1336 893 1418 953 ad
1445 908 1581 953 eam
1603 900 1839 969 partem
1864 893 2039 970 muri,
2070 912 2197 972 qua

222 977 416 1053 paulo
446 982 587 1038 ante
612 974 933 1037 vociferati
951 976 1156 1038 Aetoli
1181 978 1438 1050 fuerant,
1466 972 1645 1037 re'dit.
1682 975 1931 1037 ibicum
1959 977 2195 1054 impen-

225 1060 364 1123 sius
396 1066 670 1133 orarent,
712 1068 781 1121 ut
806 1058 1200 1121 misereretur
1227 1060 1425 1136 gentis
1452 1059 1813 1123 Aetolorum
1826 1107 1843 1138 ,
1887 1062 2057 1124 exire
2086 1061 2194 1124 ali·

225 1160 392 1219 quos
432 1144 513 1204 ad
554 1160 626 1205 se
665 1141 863 1205 iussit.
931 1144 1248 1205 Phaeneas
1289 1142 1428 1219 ipse
1467 1144 1906 1221 principesque
1944 1145 2047 1207 alii
2087 1158 2194 1207 ex·

222 1229 460 1303 templo
507 1227 744 1303 egressi
788 1234 948 1288 sunt.
1019 1228 1243 1303 quibus
1282 1228 1625 1302 provolutis
1668 1228 1749 1288 ad
1786 1230 1985 1305 pedes
2025 1230 2191 1305 „for-

223 1316 416 1373 tuna“
447 1311 642 1387 inquit
669 1318 917 1385 „vestra
945 1310 1106 1385 facit,
1133 1317 1200 1372 ut
1228 1316 1291 1371 et
1319 1312 1447 1372 irae
1472 1326 1649 1372 meae
1669 1318 1732 1373 et
1751 1311 2015 1373 orationi
2042 1321 2192 1374 tcm-

223 1410 460 1472 perem.
503 1401 839 1455 evenerunt
871 1410 1034 1470 quae
1062 1393 1341 1469 praedixi
1370 1400 1683 1455 eventura.
1727 1401 1789 1455 et
1816 1411 1895 1456 ne
1914 1396 2035 1457 hoc
2058 1398 2191 1470 qui-

227 1480 373 1539 dem
411 1478 634 1553 reliqui
660 1476 842 1539 vobis
869 1485 996 1553 est,
1027 1483 1092 1538 ut
1119 1478 1385 1552 indignis
1414 1477 1720 1539 accidisse
1749 1492 1825 1538 ea
1850 1478 2190 1540 videantur.

224 1576 346 1638 ego
387 1568 590 1623 tamen
633 1568 801 1623 sorte
843 1562 1110 1637 quadam
1148 1562 1511 1623 nutriendae
1556 1560 1849 1622 Graeciae
1890 1562 2072 1623 datus
2112 1578 2193 1623 ne

222 1644 481 1721 ingratis
514 1646 763 1721 quidem
788 1645 1156 1707 benefacere
1183 1644 1497 1706 absiStam.
1568 1644 1776 1706 mittite
1805 1651 2085 1707 oratores
2112 1647 2194 1711 ad

223 1730 576 1805 consulem,
619 1729 724 1805 qui
765 1729 1030 1791 indutias
1069 1729 1217 1791 tanti
1259 1728 1552 1805 temporis
1581 1736 1819 1804 petant,
1860 1735 1931 1791 ut
1956 1729 2194 1791 mittere

221 1814 468 1889 legatos
495 1812 752 1878 Romam
794 1812 1081 1889 possitis,
1123 1828 1238 1889 per
1278 1829 1439 1889 quos
1468 1812 1708 1874 senatui
1736 1813 1815 1874 de
1845 1812 2023 1876 vobis
2052 1830 2192 1890 per·

223 1897 494 1958 mittatis.
560 1912 678 1972 ego
707 1897 876 1973 apud
903 1898 1218 1959 consulem
1247 1896 1614 1972 deprecator
1641 1897 2057 1973 defensorque
2084 1914 2189 1959 vo-

227 1978 325 2042 bis
345 1982 598 2042 adero.“
626 1982 711 2044 ita
730 1988 798 2043 ut
819 1989 1143 2043 censuerat
1164 1982 1497 2057 Quinctius,
1523 1981 1817 2056 recerunt,
1838 1996 1957 2042 nec
1976 1997 2192 2058 asper·

228 2072 410 2128 natus
453 2072 546 2126 est
586 2067 954 2142 legationem
984 2067 1235 2135 consul;
1276 2065 1653 2140 indutiisque
1680 2064 1744 2125 in
1772 2064 1936 2126 diem
1963 2071 2193 2126 certam

228 2148 418 2224 datiS‚
462 2166 586 2225 qua
612 2150 836 2226 legatio
864 2149 1196 2211 renuntiari
1225 2149 1305 2209 ab
1330 2149 1529 2209 Roma
1556 2153 1802 2224 posset,
1847 2147 2053 2211 soluta
2081 2147 2190 2210 ob·

223 2233 386 2294 sidio
425 2240 608 2294 estet
635 2233 942 2296 exercitus
971 2232 1033 2293 in
1059 2233 1388 2294 Phocidem
1420 2232 1667 2292 missuS.

402 2316 628 2379 Consul
671 2334 808 2379 cum
837 2319 902 2378 T.
934 2317 1212 2391 Quinctio
1241 2315 1325 2375 ad
1351 2314 1689 2376 Achaicum
1718 2313 2041 2376 concilium
2069 2315 2193 2374 Ae-

227 2401 393 2478 gium
423 2400 676 2463 traiecit.
720 2400 804 2462 ibi
834 2401 913 2462 de
937 2401 1103 2461 Eleis
1133 2400 1301 2462 etde
1330 2397 1650 2460 exsulibus
1673 2396 2191 2459 Lacedaemonio-

225 2501 364 2546 rum
391 2484 783 2546 restituendis
807 2489 1146 2546 actum-est.
1189 2489 1405 2544 neutra
1425 2482 1699 2558 perfecta
1716 2496 1839 2556 res,
1872 2481 2019 2555 quia
2038 2496 2192 2542 suae

225 2569 458 2645 gratiae
498 2569 804 2630 reservari
844 2583 980 2629 eam
1007 2567 1272 2641 Achaei,
1314 2566 1446 2627 Elei
1474 2581 1589 2641 per
1614 2565 1834 2641 seipsi
1866 2580 2049 2640 quarn
2080 2579 2193 2641 per

227 2652 542 2714 Romanos
573 2654 915 2714 maluerunt
937 2651 1213 2714 Achaico
1244 2649 1547 2712 contribui
1577 2649 1857 2711 concilio.
1910 2647 2190 2724 Epirota-

225 2751 361 2797 rum
401 2736 584 2810 legati
625 2735 706 2797 ad
735 2737 1052 2802 consulem
1078 2741 1412 2807 venerunt,
1456 2749 1616 2810 quos
1644 2750 1768 2796 non
1796 2733 2041 2795 sincera
2067 2733 2193 2796 fide

223 2819 288 2884 in
327 2819 593 2880 amicitia
633 2820 828 2882 fuisse
871 2819 1024 2889 satis
1054 2819 1405 2881 constabat=
1458 2818 1701 2879 militem
1729 2825 1931 2880 tamen
1958 2819 2193 2880 nullum

224 2903 534 2965 Antiocho
566 2903 881 2967 dederant.
924 2903 1190 2980 pecunia
1216 2901 1451 2964 iuvisse
1480 2917 1620 2965 eum
1648 2901 2188 2969 insimulabantur3

225 2987 464 3063 legatos
493 2987 574 3047 ad
602 3002 812 3062 regem
839 3003 919 3048 ne
945 2987 1069 3064 ipsi
1093 2987 1342 3064 quidem
1362 2985 1610 3048 misisse
1638 2985 2068 3046 infitiabantur.
2113 2984 2191 3042 iis

227 3070 576 3147 petentibus
619 3077 686 3132 ut
721 3072 787 3132 in
819 3070 1081 3134 amicitia
1122 3071 1382 3146 pristina
1419 3083 1565 3131 esse
1592 3069 1831 3142 liceret,
1869 3065 2193 3141 respondit

225 3157 448 3216 consul
487 3170 588 3230 se,
630 3163 832 3217 utrum
871 3153 1142 3216 hostium
1172 3169 1250 3214 an
1273 3158 1631 3228 pacatorum
1659 3166 1772 3213 eos
1800 3165 2053 3211 numero
2082 3148 2189 3210 ha-

225 3237 425 3313 beret,
469 3239 744 3301 nondum
776 3237 968 3300 sciret
1011 3242 1293 3298 senatum
1322 3233 1457 3297 eius
1485 3236 1577 3297 rei
1603 3233 1865 3298 iudicem
1894 3234 2047 3295 rore.
2100 3233 2193 3292 in·-

222 3329 459 3398 tegi-am
495 3339 568 3386 se
607 3338 863 3386 causam
889 3337 1105 3386 eorum
1129 3322 1387 3384 Romam
1415 3319 1680 3381 reicere=
1721 3317 1987 3379 indutias
2019 3315 2097 3377 ad
2128 3315 2193 3380 id

224 3406 464 3468 dierum
505 3408 836 3483 nonaginta
873 3407 1043 3468 dare.
1109 3404 1399 3482 Epirotae
1425 3403 1682 3467 Romam
1709 3401 1883 3463 missi
1912 3405 2191 3462 senatum

225 3490 527 3552 adierunt.
585 3489 662 3551 iis
693 3491 888 3566 magis
932 3506 1094 3566 quae
1120 3506 1244 3550 non
1278 3488 1571 3550 fecissent
1598 3484 1845 3547 hostilia
1872 3484 2189 3545 referenti·
