2548 3950
330 217 416 279 32
642 217 873 278 L1BER
893 217 1100 276 xxxi
1150 214 1315 275 CAP.
1340 223 1428 277 36.
1452 222 1537 276 37.
1588 215 1975 292 [atnam]
2068 298 2071 299 f
2112 177 2116 180 ’

329 371 532 448 copiis
563 369 836 446 equitum
864 365 1144 442 levisque
1173 374 1515 427 armaturae
1548 373 1933 442 pugnaturus
1962 381 2077 428 rex
2105 372 2295 446 esset,

329 462 514 516 nocte
557 458 893 524 caetratos,
939 466 1104 526 quos,
1139 452 1437 526 peltastas
1468 457 1720 523 vocant,
1765 451 1905 511 loco
1937 457 2293 526 opportuno

327 539 484 599 inter
535 537 678 598 bina
729 543 933 596 castra
973 537 1034 594 in
1077 529 1314 594 insidiis
1366 533 1713 608 abdiderat,
1764 541 2321 610 praeceperatque·

327 621 760 696 Athenagorae
789 626 850 680 et
877 618 1199 694 equitibus,
1230 625 1313 692 ut,
1343 616 1398 676 si
1427 624 1639 692 aperto
1663 618 1901 694 proelio
1925 615 2295 714 procederet

324 723 446 778 reS,
477 710 788 765 uterentur
818 703 1090 776 fortuna,
1130 701 1186 762 si
1213 701 1435 774 minuS,
1469 699 1746 780 cedendo
1778 701 2009 762 sensim
2036 702 2161 761 ad
2142 701 2291 762 insi·

329 789 567 849 diarum
609 790 812 847 locum
841 785 1080 845 hostem
1111 769 1559 877 pertraherent.
1618 790 1679 844 et
1706 785 2009 861 equitatus
2042 787 2291 862 quidem

329 871 547 934 cessit.
605 871 798 930 duces
851 853 1154 930 caetratae
1204 867 1507 954 cohortis,
1558 885 1683 929 non
1736 869 1885 930 satis
1928 875 2289 951 exspectato

253 997 258 1004 -
327 958 525 1031 sign0‚
557 962 699 1016 ante
726 960 969 1030 tempus
1001 952 1280 1023 excitatis
1308 945 1441 1012 suis
1471 953 1862 1017 occasionem
1884 940 2042 1012 bene
2072 968 2291 1028 geren-

327 1041 446 1101 dae
472 1040 564 1100 rei
587 1037 868 1098 amisere.
910 1038 1226 1098 Romanus
1250 1042 1312 1095 et
1332 1043 1544 1111 aperto
1565 1037 1802 1112 proelio
1831 1037 2022 1097 victor
2045 1045 2106 1097 et
2125 1041 2290 1098 tutus

323 1140 364 1183 a
394 1123 610 1184 fraude
640 1118 998 1182 insidiarum
1027 1119 1090 1180 in
1121 1127 1322 1180 castra
1350 1135 1495 1179 sese
1524 1120 1777 1195 recepit.

499 1207 751 1266 Postero
794 1204 894 1264 die
925 1204 1141 1264 consul
1171 1202 1457 1264 omnibus
1489 1203 1684 1278 copiis
1715 1204 1776 1263 in
1806 1203 1999 1264 aciem
2028 1204 2288 1264 descen·

326 1293 413 1352 dit
441 1297 582 1350 ante
621 1289 819 1366 prima
858 1287 1036 1363 signa
1067 1284 1286 1348 locatis
1328 1286 1701 1362 elephantis3
1753 1304 1875 1364 quo
1906 1287 2132 1348 auxilio
2162 1296 2289 1350 tum

323 1376 587 1450 primum
615 1373 904 1447 Romani,
954 1371 1098 1447 quia
1139 1379 1358 1447 captos
1389 1371 1623 1447 aliquot
1648 1372 1809 1432 bello
1838 1371 2068 1432 Punico
2098 1372 2288 1433 habe·

325 1461 488 1532 bant,
517 1459 616 1517 usi
647 1465 806 1518 sunt.
870 1454 975 1515 ubi
1002 1457 1289 1516 latentem
1316 1455 1472 1515 intra
1500 1457 1724 1516 vallum
1755 1454 1994 1516 hostem
2025 1456 2193 1530 vidit,
2225 1457 2286 1516 in

321 1543 592 1603 tumulos
629 1555 879 1617 quoque
908 1554 982 1599 ac
1012 1540 1128 1599 sub
1159 1539 1360 1614 ipsum
1390 1540 1617 1599 vallum
1647 1540 2029 1613 exprobrans
2058 1546 2288 1611 metum

324 1624 644 1686 successit.
712 1630 1040 1698 postquam
1082 1637 1157 1682 ne
1201 1630 1326 1683 tum
1368 1623 1614 1697 quidem
1653 1630 1929 1698 potestas
1970 1625 2287 1699 pugnandi

326 1709 613 1783 dabatur,
661 1707 804 1783 quia
831 1721 913 1765 ex
940 1713 1062 1765 tam
1095 1705 1463 1782 propinquis
1494 1706 1732 1768 stativis
1760 1722 1981 1783 parum
2008 1713 2133 1768 tuta
2162 1708 2283 1769 fru-

323 1792 610 1854 mentatio
658 1798 816 1865 erat,
861 1790 1180 1864 dispersos
1221 1789 1441 1850 milites
1483 1805 1597 1864 per
1625 1805 1808 1865 agros
1840 1791 2148 1866 equitibus
2178 1807 2259 1851 ex

325 1879 550 1950 templo
579 1873 905 1946 invasuriS‚
940 1879 1078 1933 octo
1111 1875 1238 1933 fere
1266 1873 1412 1933 inde
1441 1873 1621 1949 milia,
1653 1874 1973 1935 intervallo
2002 1875 2285 1936 tutiorem

325 1959 852 2041 frumentationem
889 1917 1132 2018 'habitur
1138 1973 1239 2034 uS,
1284 1963 1487 2019 castra
1516 1958 1595 2021 ad
1626 1956 1971 2022 Ottolobum
1992 1990 2079 2004 --
2099 1959 2164 2020 id
2192 1965 2287 2021 est

325 2032 463 2107 loco¹
493 2034 715 2105 nomen
743 2074 830 2087 --
853 2042 1059 2103 movit
1131 2058 1267 2103 cum
1299 2042 1361 2101 in
1389 2043 1745 2120 propinquo
1776 2059 1925 2119 agro
1956 2044 2284 2105 frumenta·

323 2135 533 2189 rentur
571 2124 860 2200 Romani,
903 2125 1101 2211 primo
1143 2142 1256 2200 rex
1297 2124 1455 2187 intra
1495 2128 1722 2188 vallum
1764 2143 1913 2188 suos
1955 2128 2175 2201 tenuit,
2219 2136 2289 2189 ut

321 2218 629 2273 cresceret
675 2210 858 2274 simul
911 2218 972 2271 et
1011 2206 1397 2287 neglegentia
1449 2226 1587 2278 cum
1637 2212 1897 2289 audacia
1935 2210 2115 2273 hosti.
2180 2212 2285 2271 ubi

323 2296 558 2359 effusos
589 2296 768 2370 vidit,
814 2311 948 2356 cum
983 2294 1146 2355 omni
1175 2294 1451 2372 equitatu
1479 2302 1540 2355 et
1568 2282 1947 2357 Cretensium
1975 2294 2282 2356 auxiliari-

325 2380 469 2457 buS,
502 2388 796 2456 quantum
825 2380 1088 2455 equitem
1119 2379 1494 2440 velocissimi
1524 2377 1764 2455 pedites
1797 2395 1985 2443 cursu
2012 2394 2284 2455 aequare

320 2470 634 2540 poterant,
683 2464 862 2523 citato
896 2464 1208 2538 profectus
1238 2463 1478 2539 agmine
1507 2464 1665 2525 inter
1694 2470 1897 2525 castra
1917 2463 2199 2539 Romana
2225 2471 2289 2526 et

322 2548 788 2608 frumentatores
839 2546 1154 2607 constituit
1201 2545 1395 2621 signa.
1459 2546 1604 2609 inde
1646 2548 1842 2624 copiis
1886 2547 2103 2609 divisis
2140 2562 2281 2622 par-

321 2641 440 2691 tem
491 2631 571 2690 ad
613 2630 1066 2691 consectandos
1117 2644 1314 2705 vagos
1366 2631 1834 2694 frumentatores
1884 2631 2087 2695 emisit
2136 2632 2281 2693 dato

321 2714 520 2789 signo,
552 2730 631 2775 ne
663 2728 844 2789 quern
872 2714 1078 2775 vivum
1107 2714 1552 2792 relinquerent;
1600 2732 1737 2777 cum
1766 2724 1939 2790 parte
1968 2717 2107 2791 ipse
2136 2716 2282 2775 sub-

321 2799 492 2873 stitit,
544 2798 884 2879 itineraque
929 2795 1150 2874 quibus
1191 2799 1272 2859 ad
1324 2806 1527 2861 castra
1566 2800 1875 2871 recursuri
1922 2800 2287 2861 videbantur

318 2882 548 2953 hostes
579 2881 838 2943 obsedit.
910 2883 1029 2942 iam
1068 2884 1307 2958 passim
1354 2885 1579 2944 caedes
1622 2899 1695 2944 ac
1736 2885 1882 2959 fuga
1929 2891 2086 2959 erat,
2138 2898 2282 2943 nee·

320 2967 466 3027 dum
509 2966 836 3043 quisquam
878 2966 936 3027 in
984 2973 1186 3029 castra
1224 2969 1505 3029 Romana
1544 2970 1790 3029 nuntius
1835 2968 2029 3028 cladis
2060 2982 2281 3044 perve-

322 3058 520 3127 nerat,
564 3052 708 3125 quia
748 3050 1121 3127 refugientes
1163 3053 1224 3111 in
1259 3053 1491 3129 regiam
1532 3053 1857 3113 stationem
1896 3052 2280 3123 incidebant;

319 3146 380 3195 et
406 3138 616 3212 plures
661 3136 737 3197 ab
780 3136 1379 3197 obsidentibus-vias
1423 3151 1609 3211 quam
1650 3136 1727 3196 ab
1757 3136 2000 3197 emissis
2030 3136 2109 3195 ad
2138 3150 2277 3196 cae-

319 3220 456 3279 dem
485 3220 1019 3282 interficiebantur.
1065 3221 1311 3280 tandem
1338 3221 1495 3281 inter
1520 3220 1754 3281 medias
1777 3220 2046 3282 hostium
2066 3219 2278 3281 statio-

316 3319 430 3364 nes
473 3304 671 3379 elapsi
713 3304 960 3378 quidam
999 3304 1224 3379 trepidi
1262 3305 1582 3365 tumultum
1608 3306 1803 3381 magis
1836 3321 2019 3380 quam
2046 3311 2277 3365 certum

315 3388 592 3447 nuntium
647 3388 976 3450 intulerunt
1034 3388 1268 3449 castris.
1336 3388 1633 3449 XXXVII.
1692 3390 1910 3451 consul
1965 3387 2279 3465 equitibus

318 3473 523 3546 iussiS‚
558 3488 677 3549 qua
710 3472 974 3549 quisque
1003 3482 1235 3549 posset,
1268 3488 1451 3549 opem
1480 3474 1639 3533 ferre
1670 3472 2107 3549 laborantibus,
2136 3472 2280 3548 ipse
