2548 3950
579 251 809 312 LIBER
838 253 1073 312 XXXII.
1120 253 1286 312 CAP.
1309 259 1396 314 26.
1442 253 1514 330 [a.
1540 259 1603 312 C.
1631 257 1754 344 198]
2071 253 2147 318 71

185 407 451 468 consule
478 412 737 480 gestum.
785 420 917 464 cum
949 405 1106 464 duos
1138 406 1443 465 exercitus
1473 405 1534 464 in
1561 406 1878 480 provincia
1904 406 2146 467 habuis·

187 498 316 564 set,
359 506 549 550 unum
578 495 908 562 retentum,
953 504 1135 563 quem
1166 488 1378 548 dimitti
1409 489 1746 563 oportebat,
1779 491 1876 549 cui
1905 489 1970 548 L.
2005 491 2148 550 Cor-

185 575 390 634 nelius
433 573 767 646 proconsul
810 572 1157 646 praefuerat
1181 605 1255 615 ——
1281 571 1418 645 ipse
1460 573 1514 630 ei
1559 572 1621 631 C.
1652 573 1932 633 Helvium
1973 590 2150 648 prae·

184 667 386 718 torem
418 655 711 732 praefecit
737 689 807 698 —
827 700 844 728 ‚
874 656 1145 728 alterum,
1178 670 1359 730 quem
1387 656 1447 714 in
1472 656 1851 730 provinciam
1874 656 2148 731 adduxit,

187 747 381 802 totum
412 755 605 814 prope
628 755 850 798 annum
876 739 1388 799 Cremonensibus
1409 739 1900 815 Placentinisque
1923 755 2148 815 cogen-

189 826 285 885 dis
314 824 519 884 redire
557 823 616 880 in
650 822 955 895 colonias,
1000 822 1165 884 unde
1193 823 1337 882 belli
1368 823 1614 883 casibus
1647 823 1929 942 dissipati
1957 832 2145 900 erant,

186 907 629 981 consumpsit.

358 991 549 1086 Quem
582 989 660 1048 ad
687 989 935 1050 modum
961 989 1151 1049 Gallia
1178 996 1422 1063 praeter
1449 1005 1621 1065 spem
1656 989 1861 1065 quieta
1883 1005 1958 1051 eo
1987 1005 2147 1051 anno

187 1074 314 1147 suit,
346 1074 431 1134 ita
461 1073 623 1133 circa
650 1074 859 1133 urbem
890 1073 1130 1132 servilis
1161 1088 1360 1147 prope
1387 1074 1679 1134 tumultus
1710 1079 1806 1134 est
1827 1075 2145 1135 excitatus,

188 1157 445 1219 obsides
480 1156 1057 1231 Carthaginiensium
1090 1155 1292 1216 Setiae
1321 1157 1837 1218 custodiebantur.
1883 1173 2022 1218 cum
2050 1158 2146 1232 iis,

186 1248 253 1301 ut
281 1239 626 1316 principum
658 1240 882 1313 liberis,
913 1255 1132 1314 magna
1159 1240 1253 1300 vis
1286 1257 1606 1302 servorum
1635 1249 1784 1301 erat.
1842 1241 2146 1316 augebant

187 1341 400 1385 eorum
444 1339 791 1396 numerum,
834 1331 901 1382 ut
942 1323 1019 1382 ab
1058 1325 1286 1384 recenti
1314 1325 1524 1384 Africo
1563 1325 1755 1397 bello,
1798 1332 1859 1383 et
1885 1325 1962 1384 ab
1991 1325 2145 1399 ipsis

185 1408 413 1468 Setinis
440 1408 681 1483 captiva
702 1403 936 1481 aliquot
954 1407 1217 1467 nationis
1242 1408 1374 1466 eius
1398 1415 1602 1482 empta
1623 1419 1700 1466 ex
1726 1408 1958 1482 praeda
1979 1423 2144 1468 man-

188 1492 367 1566 cipia.
418 1507 555 1551 cum
588 1491 1067 1552 coniurationem
1096 1490 1406 1563 fecissent,
1436 1491 1646 1550 missis
1677 1505 1753 1550 ex
1785 1506 1860 1550 eo
1890 1507 2143 1552 numero

189 1577 459 1651 primum
493 1573 594 1649 qui
638 1574 696 1632 in
729 1573 937 1634 Setino
969 1589 1150 1650 agr0,
1194 1574 1418 1634 deinde
1447 1575 1609 1634 circa
1635 1573 1896 1635 Norbam
1931 1581 1992 1635 ει
2021 1576 2143 1635 Cir-

190 1660 356 1719 ceios
388 1657 637 1719 servitia
668 1658 1085 1732 sollicitarent,
1120 1658 1273 1730 satis
1300 1657 1418 1717 iam
1451 1656 1733 1719 omnibus
1764 1661 2143 1734 praeparatis

189 1743 349 1802 ludis
381 1743 485 1818 qui
510 1740 711 1802 Setiae
738 1757 935 1818 prope
964 1741 1125 1800 diem
1149 1743 1328 1802 futuri
1351 1749 1540 1814 erant,
1573 1744 1927 1816 spectaculo
1953 1743 2141 1802 inten-

187 1833 311 1886 tum
342 1827 637 1902 populum
670 1826 919 1899 adgredi
950 1832 1302 1899 statuerant,
1346 1824 1511 1886 Setia
1539 1842 1651 1900 per
1679 1827 1929 1886 caedem
1960 1833 2020 1884 et
2049 1842 2143 1885 re-

186 1910 500 1985 pentinum
544 1910 861 1970 tumultum
905 1917 1083 1984 capta
1110 1908 1373 1969 Norbam
1417 1916 1478 1969 et
1505 1909 1772 1970 Circeios
1815 1924 2143 1985 occupare.

190 1994 373 2056 huius
412 1995 503 2054 rei
542 2002 661 2053 tam
702 1994 921 2053 foedae
960 1993 1248 2053 indicium
1287 1994 1542 2053 Romam
1583 1994 1660 2053 ad
1701 1994 1766 2051 L.
1801 1994 2144 2054 Cornelium

187 2078 483 2139 Merulam
530 2085 877 2153 praetorem
925 2077 1095 2137 urbis
1137 2078 1404 2137 delatum
1448 2086 1561 2137 εει.
1634 2078 1797 2137 servi
1840 2078 1962 2138 duo
2005 2086 2144 2139 ante

188 2164 383 2222 lucem
428 2163 509 2222 ad
550 2176 688 2221 eum
727 2167 1053 2234 venerunt,
1096 2168 1281 2236 atque
1324 2162 1539 2221 ordine
1588 2162 1792 2221 omnia
1823 2176 1981 2235 quae
2009 2168 2141 2221 acta

188 2246 513 2321 suturaque
536 2250 709 2305 erant
720 2249 1158 2319 exposuerunt.
1191 2245 1414 2319 quibus
1441 2244 1604 2304 domi
1621 2244 1913 2304 custodiri
1937 2244 2144 2317 iussiS‚

188 2336 435 2404 praetor
464 2336 679 2389 senatu
703 2335 925 2388 vocato
954 2327 1328 2403 eductoque,
1363 2342 1522 2403 quae
1553 2326 1787 2386 indices
1815 2327 2145 2401 adferrent,

186 2412 498 2487 proficisci
530 2411 609 2471 ad
632 2427 763 2471 eam
790 2411 1269 2472 coniurationem
1295 2411 1706 2486 quaerendam
1729 2416 1912 2485 atque
1940 2411 2145 2485 oppri-

186 2496 471 2556 mendam
500 2496 727 2566 iussuS,
774 2510 913 2555 cum
942 2494 1214 2570 quinque
1243 2495 1459 2569 legatis
1489 2495 1806 2575 profectus
1829 2494 2053 2574 ¹obvios
2085 2495 2147 2553 in

189 2580 357 2654 agris
400 2586 784 2639 sacramento
828 2586 1079 2654 rogatos
1120 2594 1290 2639 arma
1320 2594 1541 2655 capere
1571 2585 1630 2637 ct
1658 2578 1834 2653 sequi
1863 2577 2146 2654 cogebat.

183 2663 308 2725 hoc
348 2662 736 2743 tumultuario
781 2662 1003 2723 dilectu
1044 2662 1289 2722 duobus
1330 2663 1571 2721 milibus
1617 2661 1806 2721 ferme
1835 2663 2146 2723 hominum

186 2747 437 2807 armatis
467 2746 725 2820 Setiam,
772 2747 1053 2829 omnibus
1087 2764 1208 2821 quo
1240 2752 1522 2822 pergeret
1550 2746 1810 2821 ignariS,
1841 2746 2147 2806 venit.·ibi

184 2832 407 2907 raptim
450 2830 827 2907 principibus
876 2830 1312 2892 coniurationis
1355 2829 1814 2905 comprehensis
1843 2830 1989 2905 fuga
2021 2846 2147 2891 ser·

186 2930 405 2975 vorum
436 2930 514 2973 ex
546 2914 780 2989 oppido
810 2916 968 2974 facta
999 2922 1110 2975 est.
1158 2914 1429 2975 dimissis
1456 2914 1678 2973 deinde
1703 2930 1814 2989 per
1836 2930 2018 2988 agros
2047 2914 2148 2988 qui

188 2998 565 3073 vestigarent
586 2996 708 3055 ***.
756 3000 1005 3073 egregia
1033 3000 1293 3059 duorum
1318 3014 1506 3075 opera
1533 3014 1852 3059 servorum
1879 2997 2149 3056 indicum

183 3083 453 3143 etunius
498 3081 672 3141 liberi
714 3082 842 3141 fuit.
908 3083 964 3141 ei
995 3090 1235 3156 centum
1264 3083 1429 3141 milia
1457 3082 1663 3156 gravis
1695 3082 1853 3139 aeris
1882 3079 2014 3139 dari
2042 3094 2152 3154 pa-

186 3173 311 3227 tres
352 3166 691 3239 iusserunt,
734 3168 933 3226 servis
976 3165 1194 3225 vicena
1224 3165 1602 3243 quina-milia
1629 3164 1788 3223 aeris
1821 3170 1881 3222 et
1907 3162 2148 3222 liberta·

183 3257 339 3319 tenu
384 3250 646 3324 pretium
672 3263 881 3309 eorum
904 3264 983 3307 ex
1006 3249 1241 3309 aerario
1268 3250 1531 3308 solutum
1555 3254 1651 3306 est
1673 3246 1953 3307 dominis.
1984 3244 2149 3305 haud

186 3333 267 3393 ita
296 3332 483 3409 multo
528 3338 674 3407 post
700 3348 779 3391 ex
808 3332 1084 3392 eiusdem
1127 3330 1566 3392 coniurationis
1608 3330 1883 3406 reliquiis
1914 3330 2153 3390 nuntia-

187 3422 309 3477 tum
353 3424 453 3477 est
492 3416 740 3476 servitia
780 3415 1108 3476 Praeneste
1150 3422 1544 3490 occupatura.
1619 3430 1693 3474 eo
1735 3415 1804 3474 L.
1836 3414 2149 3475 Cornelius

191 3508 439 3575 praetor
466 3499 779 3575 profectus
811 3500 889 3560 de
921 3499 1267 3575 quingentis
1300 3500 1428 3559 sere
1455 3498 1820 3575 hominibuS,
1855 3500 1958 3573 qui
1987 3499 2044 3558 in
2077 3513 2150 3557 ea
