2548 3950
643 245 874 307 LIBER
902 246 1138 308 XXXII.
1183 246 1460 309 CAP.15.
1490 257 1585 310 16,
1616 255 1689 324 [a.
1718 255 1784 309 e.
1811 256 1932 324 198]
2186 254 2271 318 59

299 404 543 479 repleta
585 401 751 463 omni
789 417 994 463 rerum
1021 401 1203 478 copia
1230 409 1377 462 sunt
1404 409 1625 462 castra.
1686 402 1830 463 inde
1856 405 2141 466 Atracem
2174 416 2269 470 est

299 488 642 564 profectus.
709 485 939 546 decem·
966 485 1156 545 ferme
1194 487 1378 546 milia.¹
1400 485 1477 545 ab
1505 486 1723 546 Larisa
1758 487 1961 558 abest;
2018 505 2099 548 ex
2124 489 2267 551 Per-

297 571 558 632 rhaebia
585 569 830 630 oriundi
860 577 1033 640 sunu
1079 570 1198 630 sita
1219 579 1319 632 est·
1332 570 1484 630 urbs
1508 585 1697 646 super
1713 569 1981 632 Peneum
2006 590 2267 636 amnem.

82 728 91 739 Ι
297 655 448 716 nihil
498 653 888 731 trepidavere
927 653 1205 714 Tnessali
1249 654 1330 715 ad
1352 671 1357 685 ·
1372 655 1632 730 primum
1673 655 2001 715 adventum
2040 658 2267 720 Roma-

60 737 79 810 i-
297 755 550 800 norum:
613 745 674 799 et
711 736 1028 813 Philippus
1069 738 1246 798 sieut·
1276 739 1349 797 in=
1380 737 1759 800 Thessaliam
1797 740 1934 814 ipse
1974 743 2269 816 progredi

295 839 423 884 non
457 821 752 896 audebat,
796 822 880 884 ita
906 820 1321 897 intra=Tempe
1348 821 1587 883 stativis
1616 823 1868 898 positiS,
1902 831 1970 884 ut
1997 827 2265 903 quisque
2298 887 2302 893 ,

293 908 474 970 locus
527 907 605 967 ab
654 905 838 967 hoste
884 906 1323 980 temptabatur,
1374 906 1686 982 praesidia
1738 923 1851 981 per
1898 911 2263 970 occasiones

295 990 734 1053 summittebat.-

464 1074 626 1134 xvi.
686 1073 814 1134 Sub
863 1073 1027 1134 idem
1069 1075 1202 1134 fere
1242 1081 1485 1149 tempus
1532 1090 1656 1149 quo
1700 1075 1918 1135 consul
1960 1076 2263 1138 adversus
2296 1105 2307 1112 ·

289 1159 647 1236 Philippum
687 1159 946 1234 primurn
987 1158 1047 1217 in
1077 1157 1249 1233 Epiri
1281 1158 1561 1220 faucibus
1591 1157 1802 1234 posuit
1830 1166 2062 1232 castra,
2108 1168 2171 1222 et
2193 1163 2263 1223 L.

294 1242 613 1318 Quinctius
656 1242 843 1302 frater
882 1243 1187 1317 consulis,
1231 1241 1331 1302 cui
1373 1243 1594 1303 classis
1624 1259 1773 1304 cura
1800 1244 2263 1322 maritimaeque

293 1343 444 1388 orae
494 1326 815 1403 imperium
855 1325 1206 1386 mandatum
1249 1326 1327 1386 ab
1370 1334 1589 1386 senatu
1628 1334 1788 1398 erat,
1840 1344 1981 1389 cum
2022 1328 2261 1390 duabus

293 1409 842 1488 quinqueremibus
867 1408 1200 1488 corcyram
1219 1417 1548 1484 travectuS,
1575 1418 1899 1486 postquam
1924 1412 2263 1485 profectam

291 1495 439 1556 inde
468 1494 732 1554 classem
760 1493 1025 1568 audivit,
1071 1494 1216 1554 nihil
1245 1495 1608 1558 morandum
1636 1501 1805 1555 ratus
1822 1539 1836 1567 ,
1870 1509 2011 1555 cum
2036 1495 2119 1556 ad
2146 1496 2260 1556 Za-

291 1595 454 1639 mam
497 1579 759 1639 insulam
802 1578 1139 1638 adsecutus
1180 1585 1380 1652 esset,
1427 1578 1682 1640 dimisso
1722 1577 1791 1637 L.
1821 1580 2116 1655 Apustio,
2162 1581 2258 1641 cui

291 1668 714 1734 successerat,
759 1662 933 1724 tarde
975 1661 1118 1722 inde
1161 1660 1240 1723 ad
1265 1661 1526 1722 Maleam
1554 1661 1868 1723 trahendis
1899 1665 2262 1742 plerumque

291 1749 566 1808 remulco
597 1745 890 1820 navibuS‚
926 1761 1096 1822 quae·
1116 1762 1252 1806 cum
1284 1755 1625 1807 commeatu
1654 1748 2089 1823 sequebantur,
2120 1765 2259 1824 per·

295 1832 478 1893 venit.
541 1847 580 1890 a
605 1829 834 1904 Malea,
879 1829 1066 1890 iussis
1110 1829 1331 1890 ceteris
1376 1838 1667 1907 quantum
1707 1832 1971 1892 maxime
2000 1841 2263 1908 possent

289 1923 599 1979 maturare
629 1914 827 1992 sequi,
869 1914 1011 1989 ipse
1032 1914 1224 1974 tribus
1258 1915 1800 1992 quinqueremibus
1833 1916 2137 1991 expeditis
2154 1916 2261 1978 Pi·

293 2013 546 2065 raecum
594 1999 937 2075 praecedit,
989 2000 1355 2075 accepitque
1403 2016 1595 2061 naves
1646 2000 1893 2061 relictas
1946 2001 2028 2061 ibi
2071 2002 2149 2062 ab
2191 2003 2261 2061 L.

290 2084 558 2162 Apustio
581 2085 784 2158 legato
808 2083 887 2142 ad
912 2083 1286 2158 praesidium
1309 2083 1705 2145 Athenarum.
1736 2086 1958 2145 eodem
1982 2092 2261 2161 tempore

295 2171 455 2232 duae
497 2184 576 2229 ex
603 2168 757 2227 Asia
787 2167 1400 2242 classes-profectae,
1444 2184 1570 2229 una
1599 2184 1737 2228 cum
1763 2170 1971 2229 Attalo
1999 2186 2147 2244 rege
2174 2202 2263 2215 —-

294 2270 408 2315 eae
460 2259 748 2328 quattuor
786 2258 846 2310 et
883 2250 1093 2325 viginti
1147 2251 1621 2325 quinqueremes
1663 2258 1837 2309 erant
1854 2284 1968 2326 --,
2020 2253 2264 2313 Rhodia

292 2340 486 2399 altera
524 2336 735 2411 viginti
775 2336 1021 2395 navium
1062 2341 1387 2395 tectarum:
1446 2334 1915 2409 Agesimbrotus
1960 2345 2261 2409 praeerat.

290 2422 410 2482 hae
446 2421 609 2481 circa
647 2419 925 2480 Andrum
968 2418 1229 2478 insulam
1271 2419 1507 2479 classes
1551 2419 1909 2479 coniunctae
1948 2416 2263 2479 Euboeam

289 2506 437 2567 inde
466 2504 688 2580 exiguo
719 2503 1045 2563 distantem
1073 2502 1227 2565 freto
1259 2503 1641 2564 traiecerunt.
1696 2500 2112 2581 Carystiorum
2140 2504 2263 2579 pri·

289 2606 456 2651 mum
498 2604 684 2665 agros
724 2594 1074 2657 vastarunt;
1132 2586 1356 2648 deinde
1395 2587 1499 2648 ubi
1543 2587 1838 2665 Carystus
1879 2588 2191 2663 praesidio
2226 2604 2264 2648 a

289 2672 581 2735 Chalcide
609 2673 832 2748 raptim
860 2672 1053 2733 misso
1081 2671 1260 2733 firma
1288 2672 1426 2733 visa
1453 2679 1580 2746 est,
1614 2671 1695 2731 ad
1719 2670 2018 2733 Eretriam
2048 2687 2261 2733 acces-

287 2764 522 2820 serunt.
580 2757 801 2819 eodem
838 2764 898 2817 et
924 2757 990 2817 L.
1025 2756 1337 2831 Quinctius
1370 2771 1509 2819 cum
1538 2755 1611 2816 iis
1642 2755 1935 2829 navibuS,
1982 2770 2142 2832 quae
2168 2755 2262 2815 Pi-

287 2842 460 2903 raeei
490 2842 759 2914 fuerant,
802 2842 988 2901 Attali
1014 2841 1179 2915 regis
1206 2841 1477 2901 >adventu
1507 2839 1714 2900 audito
1745 2841 1913 2901 venit
1940 2841 2159 2915 iussiS‚
2196 2848 2266 2901 ut

291 2941 579 3003 quaeque
619 2940 698 2985 ex
741 2940 858 2986 sua
898 2926 1101 2986 classe
1129 2925 1445 2986 venissent
1475 2940 1698 2999 naveS,
1745 2924 2059 2986 Euboeam
2090 2932 2259 3000 pete—

289 3017 445 3071 rent.
501 3009 738 3071 Eretria
765 3025 1005 3070 summa
1032 3009 1092 3069 vi
1122 3010 1625 3085 oppugnabatur=
1664 3025 1805 3068 nam
1834 3016 1895 3069 et
1921 3010 2097 3069 trium
2128 3009 2258 3068 iun·
2322 3084 2327 3087 Ι

291 3100 526 3155 ciarum
576 3094 866 3154 classium
916 3108 1128 3154 naves·
1157 3094 1356 3155 omnis
1406 3094 1652 3169 generis
1696 3099 1994 3153 tormenta
2034 3090 2260 3150 machi-

290 3192 534 3252 nasque
553 3178 634 3238 ad
653 3176 896 3237 urbium
919 3177 1161 3238 excidia
1182 3193 1396 3237 secum
1419 3176 1760 3252 portabant,
1776 3180 1837 3235 et
1856 3174 1985 3251 agri
2010 3175 2259 3235 adfatim

289 3260 581 3321 materiae
621 3260 1000 3336 praebebant
1039 3261 1120 3320 ad
1154 3276 1319 3321 nova
1346 3259 1655 3321 molienda
1686 3273 1895 3334 opera.
1963 3258 2259 3334 oppidani

291 3345 493 3421 primo
528 3345 696 3407 haud
735 3345 994 3422 impigre
1023 3343 1348 3405 tuebantur
1370 3342 1647 3414 moenia3
1693 3342 1835 3404 dein
1866 3343 2017 3404 fessi
2048 3344 2259 3403 vulne—

289 3430 531 3505 ratique
581 3430 842 3507 aliquot,
893 3446 1031 3491 cum
1073 3437 1132 3491 et
1171 3428 1327 3487 muri
1368 3434 1602 3502 partem
1644 3442 1924 3488 eversam
1968 3426 2257 3503 operibus

291 3512 560 3575 hostium
590 3520 934 3589 cernerent,
978 3513 1056 3573 ad
1085 3512 1462 3573 deditionem
1491 3512 1895 3573 inclinarunt.·
1936 3511 2049 3571 sed
2079 3527 2261 3585 prae-

65 527 103 661 ,huffb’
70 405 75 458 ’““

27 3840 420 3892 -ἁ,
