2548 3950
343 244 426 313 12
636 243 868 304 LIBER
895 241 1104 302 XXXI.
1153 239 1321 301 CAP.
1352 249 1440 301 13.
1474 247 1556 300 14.
1603 237 1674 314 [a.
1708 241 1777 296 υ.
1806 231 1856 297 «3.
1887 239 2011 317 552]

342 407 456 470 ωε,
491 393 716 471 quibus
747 410 826 454 ex
855 391 1138 468 pecunia,
1173 408 1358 468 quarn
1386 391 1469 450 M.
1492 389 1742 451 Valerio
1770 391 1855 452 M.
1880 390 2136 452 Claudio
2167 408 2322 454 con-

341 480 580 544 sulibus
611 485 880 539 mutuam
910 477 1234 548 dederant,
1278 475 1457 535 tertia
1482 474 1701 550 pensio
1734 474 2073 536 debebatur
2098 490 2177 536 eo
2208 493 2318 536 an-

342 582 443 638 no,
475 561 758 623 adierunt
787 568 1085 633 senatum,
1120 559 1265 635 quia
1295 559 1606 633 consuleS,
1650 573 1789 618 cum
1817 559 1899 618 ad
1928 575 2157 620 novum
2185 559 2319 620 bel-

342 651 485 720 lum,
519 645 690 722 quod
719 660 939 720 magna
967 645 1169 704 classe
1189 641 1555 718 magnisque
1580 641 1955 703 exercitibus
1977 643 2321 718 gerendum

347 738 546 802 esset,
601 727 705 788 vix
735 727 1036 789 aerarium
1066 726 1411 798 sufficeret,
1464 735 1841 801 negaverant
1868 741 2014 788 esse
2039 727 2209 788 unde
2236 727 2319 788 iis

346 815 408 876 in
441 811 792 890 praesentia
823 813 1184 871 solveretur.
1230 817 1483 871 senatus
1516 817 1844 884 querentes
1876 824 1988 870 eos
2019 826 2144 870 non
2176 827 2317 871 sus-

342 896 550 961 tinuit.
597 895 650 957 si
692 894 753 956 in
787 893 1078 956 Punicum
1117 893 1349 954 bellum
1376 892 1645 968 pecunia
1686 893 1829 954 data
1865 891 1931 953 in
1958 893 2319 955 Macedoni·

347 999 484 1044 cum
517 996 769 1057 quoque
795 979 1021 1041 bellum
1061 976 1148 1038 uti
1188 993 1293 1038 res
1334 976 1583 1052 publica
1612 978 1824 1050 vellet,
1875 975 2013 1037 aliis
2056 993 2137 1038 ex
2178 976 2321 1038 aliis

347 1064 686 1128 orientibus
715 1061 893 1124 bellis
926 1059 1072 1137 quid
1101 1059 1268 1120 aliud
1302 1077 1486 1136 quam
1515 1060 1904 1136 publicatam,
1936 1076 2051 1137 pro
2081 1060 2319 1122 benefi-

348 1149 446 1210 cio
476 1156 788 1223 tamquam
834 1146 912 1205 ob
944 1143 1225 1218 noxiam,
1268 1160 1445 1204 suam
1487 1143 1812 1221 pecuniam
1854 1146 2009 1206 fore.
2078 1159 2219 1205 cum
2256 1152 2323 1206 et

347 1229 571 1308 privati
593 1246 858 1305 aequum
874 1228 1271 1304 postularent,
1287 1244 1403 1289 nec
1418 1236 1617 1290 tamen
1634 1228 1935 1290 solvendo
1959 1226 2089 1288 aeri
2112 1227 2323 1290 alieno

345 1333 450 1377 res
493 1313 742 1390 publica
784 1319 982 1388 essct,
1034 1313 1205 1388 quod
1243 1312 1512 1373 medium
1563 1313 1721 1373 inter
1759 1327 2027 1388 aequum
2064 1321 2130 1374 et
2166 1311 2323 1374 utile

348 1407 508 1474 erat,
538 1397 972 1470 decreverunt,
1003 1405 1098 1469 ut,
1132 1395 1423 1472 quoniam
1452 1411 1672 1470 magna
1700 1413 1847 1471 pars
1878 1407 2093 1457 eorum
2131 1411 2323 1472 agros

350 1485 534 1556 vulgo
565 1483 819 1542 venales
851 1497 995 1541 esse
1026 1480 1257 1542 diceret
1301 1487 1362 1540 et
1400 1478 1644 1542 sibimet
1686 1479 1907 1555 emptis
1950 1495 2113 1556 opus
2153 1493 2323 1552 esse,

347 1565 480 1640 agri
508 1564 756 1640 publici,
789 1564 895 1640 qui
923 1563 1079 1625 intra
1108 1562 1686 1640 quinquagesimum
1708 1561 1976 1640 lapidem
1998 1572 2187 1636 esset,
2212 1577 2318 1624 co-

353 1649 453 1727 pia
480 1646 557 1709 iis
587 1647 780 1708 fieret.
854 1648 1143 1708 consules
1173 1665 1389 1722 agrum
1417 1646 1847 1709 aestimaturos
1865 1694 1879 1721 ,
1924 1655 1985 1708 et
2014 1648 2073 1707 in
2106 1647 2322 1724 iugera

348 1747 528 1793 asses
557 1731 912 1806 vectigales,
942 1730 1208 1791 testandi
1237 1745 1427 1792 causa
1450 1730 1761 1805 publicum
1784 1747 1997 1808 agrum
2021 1747 2185 1806 esse,
2208 1729 2312 1791 im-

351 1814 697 1893 posituroS,
724 1813 874 1876 ut-›si
907 1812 1076 1890 quiS,
1107 1829 1246 1874 cum
1277 1816 1521 1876 solvere
1550 1822 1769 1890 posset
1794 1817 2095 1891 populus,
2128 1829 2326 1892 pecu-

349 1899 511 1960 niam
537 1899 767 1960 habere
799 1914 982 1973 quam
1021 1913 1232 1974 agrum
1262 1900 1496 1970 mallet,
1549 1898 1898 1962 restitueret
1945 1915 2159 1977 agrum
2204 1915 2324 1974 po-

348 1984 517 2059 pulo.
586 1982 730 2045 laeti
760 1999 895 2044 eam
938 1981 1366 2045 condicionem
1412 1982 1632 2059 privati
1674 1999 1995 2061 accepere.
2074 1984 2324 2045 trienta-

345 2068 679 2143 bulumque
709 2065 763 2127 is
793 2083 970 2143 ager,
1015 2066 1158 2143 quia
1199 2084 1313 2144 pro
1358 2067 1533 2129 tertia
1574 2076 1750 2143 parte
1793 2068 2094 2144 pecuniae
2138 2069 2323 2130 datus

348 2160 495 2223 crat,
529 2150 894 2226 appellatus.
2162 2152 2169 2156 ’

505 2234 666 2296 XIV.
712 2235 861 2296 Tum
889 2236 953 2296 P.
983 2234 1299 2311 Sulpicius
1345 2236 1686 2296 secundum
1731 2244 1874 2297 vota
1912 2235 1974 2296 in
2019 2233 2323 2310 Capitolio

349 2330 701 2396 nuncupata
752 2321 1079 2395 paludatus
1121 2336 1260 2380 cum
1302 2317 1621 2380 lictoribus
1672 2320 1990 2394 profectus
2039 2318 2120 2379 ab
2170 2316 2325 2378 urbe

345 2403 740 2464 Brundisium
791 2402 989 2477 venit,
1047 2412 1107 2464 et
1151 2403 1465 2464 veteribus
1516 2401 1805 2465 militibus
1846 2400 2209 2464 voluntariis
2234 2412 2323 2461 ex

348 2486 639 2546 Asticano
670 2484 943 2546 exercitu
983 2486 1044 2545 in
1089 2485 1367 2559 legiones
1411 2485 1757 2561 discriptiS,
1806 2486 2198 2561 navibusque
2240 2499 2321 2545 ex

348 2571 551 2630 classe
574 2566 849 2629 consulis
868 2568 1130 2629 Cornelii
1160 2570 1392 2640 electiS‚
1422 2570 1613 2630 altero
1646 2567 1749 2629 die
1780 2586 1961 2645 quam
1991 2583 2030 2630 a
2055 2568 2319 2629 Brundi-

349 2651 443 2714 sio
475 2651 686 2725 solvit,
735 2651 794 2711 in
825 2651 1252 2713 Macedoniam
1280 2651 1536 2713 traiecit.
1608 2651 1693 2713 ibi
1736 2652 1793 2713 ei
1846 2660 2094 2729 praesto
2146 2654 2325 2713 fuere

343 2734 813 2797 Atheniensium
862 2736 1046 2812 legati
1090 2746 1367 2811 oranteS,
1423 2744 1490 2798 ut
1542 2753 1611 2797 se
1647 2736 1973 2799 obsidione
2003 2734 2324 2798 eximeret.

344 2818 575 2880 missus
627 2821 935 2896 extemplo
980 2820 1256 2882 Athenas
1300 2829 1397 2883 est
1424 2820 1487 2881 C.
1518 2820 1807 2883 Claudius
1840 2821 2028 2884 Cento
2062 2834 2203 2882 cum
2231 2819 2323 2880 vi-

345 2901 495 2979 ginti
533 2901 736 2980 longis
778 2903 1041 2965 navibus
1083 2913 1144 2965 et
1169 2904 1334 2965 mille
1362 2904 1637 2967 militum.
1712 2922 1918 2981 neque
1969 2903 2131 2966 enim
2180 2904 2324 2980 ipse

343 3003 458 3049 rex
488 2989 765 3049 Athenas
798 2986 1152 3049 obsidebat=
1183 3006 1258 3049 eo
1290 2990 1555 3050 maxime
1585 2996 1863 3065 tempore
1884 2989 2177 3067 Abydum
2209 3005 2321 3064 op-

343 3072 691 3148 pugnabat,
741 3071 860 3133 iam
891 3088 1030 3134 cum
1068 3072 1331 3133 Rhodiis
1361 3081 1422 3134 et
1448 3070 1653 3134 Attalo
1684 3072 2007 3135 navalibus
2039 3071 2318 3133 certami-

340 3156 479 3230 buS,
511 3164 728 3218 neutro
762 3155 1019 3219 feliciter
1045 3156 1303 3233 proelio,
1333 3155 1501 3218 vires
1531 3166 1847 3231 expertus.
1918 3157 2031 3218 sed
2074 3155 2323 3217 animos

342 3238 399 3301 ei
445 3240 708 3301 faciebat
748 3250 994 3317 praeter
1031 3240 1326 3301 ferociam
1372 3239 1618 3303 insitam
1666 3242 1890 3302 foedus
1941 3240 2131 3301 ictum
2181 3256 2320 3301 cum

341 3322 648 3384 Antiocho
701 3322 920 3401 Syriae
970 3340 1117 3401 rege
1171 3324 1536 3401 divisaeque
1582 3323 1702 3386 iam
1745 3340 1885 3385 cum
1925 3338 2001 3386 eo
2044 3321 2322 3402 Aegypti

343 3420 516 3480 opeS,
546 3405 643 3466 cui
673 3416 867 3469 morte
897 3408 1105 3470 audita
1131 3407 1463 3469 Ptolemaei
1493 3407 1657 3485 regis
1688 3408 1868 3469 ambo
1898 3406 2325 3469 imminebant.

343 3496 776 3551 contraxerant
796 3498 999 3551 autem
1031 3490 1149 3551 sibi
1179 3506 1317 3550 cum
1339 3491 1621 3567 Philippo
1651 3491 1877 3553 bellum
1900 3490 2323 3553 Athenienses
