2548 3950
536 220 767 284 ΜΒΕΡι
792 219 1113 279 xxxvm.
1160 215 1326 276 cAP.
1357 225 1444 278 σο.
1487 214 1561 292 [a.
1595 219 1658 272 c.
1692 217 1815 293 187]
2035 187 2159 278 375

192 377 340 436 sore
376 371 910 433 erubescendum-
945 367 1065 428 LX.
1118 367 1416 434 adversus
1460 382 1536 426 ea
1560 365 1878 428 Terentius
1913 372 2160 440 praetor

189 457 585 534 rogationem
609 453 899 513 Petilliam
930 459 989 512 et
1018 456 1268 511 senatus
1299 448 1646 510 consultum
1675 455 1736 519 et
1760 447 2053 523 iudicium
2081 451 2161 511 de
2195 511 2200 514 .

143 561 147 564 ·
185 543 269 602 L.
304 539 595 614 Scipione
633 539 855 597 factum
892 534 1197 596 recitavitz
1242 549 1341 606 se,
1384 533 1446 593 ni
1484 531 1782 592 referatur
1810 533 2071 607 pecunia
2096 531 2157 594 in

188 621 517 700 publicum
546 634 705 697 quae
732 619 999 680 iudicata
1025 618 1131 689 sit,
1176 617 1322 676 nihil
1349 616 1577 676 habere
1607 615 1774 690 quod
1803 615 2012 692 faciat,
2041 616 2160 676 nisi

188 714 271 768 ut
302 705 517 783 prendi
544 704 891 764 damnatum
918 701 1067 763 etin
1088 701 1334 761 vincula
1362 700 1501 760 duci
1523 699 1746 759 iubeat.
1776 697 1999 759 tribuni
2023 715 2160 762 cum

188 791 263 851 in
309 787 631 850 >consilium
672 786 1111 859 secessissent,
1153 785 1340 860 paulo
1373 790 1516 858 post
1545 783 1606 843 C.
1635 781 1906 843 Fannius
1937 798 2015 844 ex
2045 799 2160 844 sua
2279 791 2286 798 ’
2347 773 2356 780 “

188 873 701 947 collegarumque
735 869 1013 945 aliorum,
1034 875 1278 944 praeter
1307 867 1664 942 Gracchum,
1694 867 1992 949 sententia
2022 884 2160 943 pro-

185 955 500 1017 nuntiavit
536 953 805 1030 praetori
844 969 967 1014 non
1009 951 1391 1013 intercedere
1435 950 1714 1012 tribunos
1729 995 1744 1023 ,
1793 966 1915 1026 quo
1955 953 2158 1013 minus

189 1057 321 1102 sua
348 1044 651 1114 potestate
677 1044 899 1099 utatur.
938 1037 1023 1097 Ti.
1053 1035 1367 1097 Gracchus
1388 1036 1472 1097 ita
1493 1035 1780 1110 decrevit,
1813 1051 1936 1111 quo
1959 1037 2158 1097 minus

182 1139 278 1184 ex
312 1121 495 1182 bonis
517 1123 585 1181 L.
611 1120 917 1197 Scipionis
945 1122 1113 1198 quod
1134 1119 1464 1180 iudicatum
1487 1119 1568 1179 sit
1582 1118 1911 1194 redigatur,
1942 1135 2014 1180 se
2034 1135 2159 1180 non

182 1204 585 1266 intercedere
614 1205 907 1280 praetoria
948 1205 1017 1264 L.
1048 1201 1420 1278 Scipionem,
1452 1202 1559 1278 qui
1585 1217 1794 1276 regem
1825 1202 2158 1277 opulentis-

185 1288 427 1350 simum
454 1286 624 1348 orbis
652 1294 949 1349 terrarum
977 1285 1283 1361 devicerit,
1312 1285 1630 1361 imperium
1658 1286 1883 1360 populi·
1898 1285 2154 1350 Romani
2261 1327 2266 1332 -
2361 1299 2364 1302 ’
2477 1283 2480 1288 ’

180 1371 641 1448 propagaverit
664 1371 995 1432 inultimos
1024 1377 1320 1431 terrarum
1349 1370 1534 1442 flneS,
1575 1383 1782 1443 regem
1809 1367 2159 1443 Eumenem,

181 1455 511 1527 Rhodios,
554 1452 707 1514 alias
748 1460 839 1515 tot
864 1453 1052 1514 Asiae
1080 1452 1265 1513 urbes
1295 1451 1637 1513 devinxerit
1661 1451 1874 1526 populi
1900 1451 2158 1512 Romani

180 1535 551 1608 beneflciis»,
604 1533 902 1610 plurimos
949 1536 1141 1596 duces
1182 1535 1450 1596 hostium
1491 1535 1553 1594 in
1590 1532 1897 1608 triumpho
1938 1535 2156 1595 ductos

184 1634 455 1682 carcere
485 1618 828 1694 incluserit,
862 1634 985 1679 non
1014 1633 1342 1692 passurum
1371 1619 1526 1678 inter
1552 1617 1764 1678 hostes
1795 1617 2006 1694 populi
2034 1619 2126 1679 Ro

182 1701 365 1763 mani
392 1701 460 1760 L.
483 1699 836 1776 Scipionem
862 1696 925 1761 in
956 1715 1201 1760 carcere
1228 1701 1377 1763 etin
1407 1700 1662 1762 vinculis
1693 1715 1854 1774 esse,
1885 1701 2157 1776 mittique

180 1801 341 1846 eum
374 1799 447 1844 se
466 1785 697 1845 iubere.
740 1790 907 1846 tanto
930 1783 1203 1844 adsensu
1224 1783 1495 1846 auditum
1519 1791 1619 1846 est
1637 1780 1966 1858 decretum,
1995 1785 2152 1844 adeo

180 1867 523 1930 dimissum
550 1866 619 1927 L.
651 1865 1001 1942 Scipionem
1040 1867 1181 1928 laeti
1207 1867 1485 1928 homines
1514 1864 1825 1938 viderunt,
1866 1873 1934 1925 ut
1963 1866 2065 1924 vix
2093 1867 2152 1925 in

180 1951 423 2011 eadem
452 1949 693 2009 civitate
720 1950 1029 2012 videretur
1058 1950 1282 2011 tactum
1310 1949 1613 2010 iudicium.
1656 1948 1718 2007 in
1749 1945 1912 2031 bona
1932 1947 2155 2009 deinde

180 2033 254 2093 L.
292 2030 613 2105 Scipionis
641 2047 1005 2105 possessum
1034 2031 1280 2107 publice
1310 2038 1670 2108 quaestores
1700 2037 1946 2105 praetor
1973 2032 2154 2093 misit.

180 2128 406 2190 neque
448 2114 509 2173 in
540 2111 619 2173 iis
644 2130 769 2175 non
806 2119 991 2177 modo
1034 2113 1358 2191 vestigium
1387 2115 1570 2175 ullum
1599 2112 1942 2189 comparuit
1967 2130 2154 2190 pecu-

180 2199 334 2262 niae
364 2196 595 2273 regiae,
625 2197 739 2257 sed
768 2214 1151 2276 nequaquam
1179 2205 1411 2260 tantum
1437 2198 1752 2258 redactum
1776 2204 1870 2258 est
1893 2204 2156 2272 quantae

180 2294 480 2342 summae
509 2279 829 2341 damnatus
859 2283 1071 2343 fuerat.
1114 2282 1336 2344 collata
1362 2282 1626 2357 pecunia
1647 2295 1686 2339 a
1707 2281 1984 2355 cog-natis
2008 2280 2156 2341 ami·

156 2364 419 2439 ,cisque
452 2367 515 2423 et
554 2362 871 2425 clientibus
914 2371 1008 2426 est
1031 2366 1099 2425 L.
1131 2364 1433 2441 Scipioni,
1473 2371 1541 2426 ut
1580 2364 1635 2425 si
1665 2362 1972 2439 acciperet
1999 2378 2153 2437 eam,

180 2444 567 2521 locupletior
586 2445 896 2522 aliquanto
922 2456 1105 2523 esset,
1148 2464 1330 2524 quam
1349 2455 1492 2509 ante
1514 2446 1914 2508 calamitatem
1936 2447 2152 2507 fuerat.

178 2526 341 2589 nihil
371 2529 633 2603 accepit.
678 2546 836 2606 quae
865 2533 1216 2595 necessaria
1243 2532 1326 2592 ad
1354 2532 1580 2592 cultum
1611 2535 1801 2601 erant,
1835 2529 2153 2604 redempta

179 2612 241 2671 ei
272 2626 315 2671 a
345 2612 649 2687 proximis
680 2616 955 2689 cognatis
985 2621 1145 2675 sunt.
1198 2620 1582 2692 verteratque
1612 2611 1970 2687 Scipionum
2001 2611 2154 2673 invi-

156 2694 289 2753 dia
317 2694 385 2753 in
418 2702 761 2769 praetorem
792 2706 853 2759 et
880 2696 1201 2759 consilium
1228 2698 1365 2758 eius
1394 2703 1455 2758 et
1483 2702 1898 2759 accusatores.
