2548 3950
298 225 384 288 44
593 225 825 285 LIBER
852 224 1060 284 XXXI.
1114 224 1280 284 CAP.
1313 233 1400 287 48.
1424 232 1513 286 49.
1559 231 1633 298 [a.
1658 229 1729 286 U.
1754 247 1801 282 ο.
1826 231 1953 298 552]

287 387 540 453 tumque
572 391 815 452 pugnae
844 375 1111 450 spectari
1140 375 1386 434 debere.
1444 375 1621 435 fusos
1652 390 2003 450 caesosque
2030 374 2249 454 hostis,

291 467 496 524 castra
537 469 718 537 capta
765 475 842 520 ac
881 460 1152 534 direpta,
1203 457 1865 538 colonianrliberatam
1905 459 2251 537 obsidione,

287 545 534 606 alterius
578 542 858 605 coloniae
887 545 1166 618 captivos
1195 548 1598 618 recuperatos
1625 543 2069 620 restitutosque
2098 547 2251 621 suiS,

287 629 652 690 debellatum
697 643 821 690 uno
873 629 1108 703 proelio
1157 641 1321 688 esse.
1392 642 1517 688 non
1566 625 1845 688 homines
1894 635 2127 690 tanturn
2176 645 2254 692 ea

283 713 540 774 victoria
577 715 864 785 laetatoS‚
907 712 1022 772 sed
1063 710 1180 772 diis
1224 726 1475 786 quoque
1512 711 1955 772 immortalibus
1994 728 2111 788 per
2145 714 2251 775 tri-

286 796 473 857 duum
505 796 988 872 supplicationes
1017 795 1288 870 habitaS,
1333 797 1502 871 quod
1530 795 1689 854 bene
1718 810 1791 854 ac
1822 795 2096 872 feliciter,
2124 813 2251 860 non

286 881 455 956 quod
505 881 662 940 male
703 894 778 940 ac
819 885 1046 940 temere
1092 894 1196 939 res
1251 879 1496 954 publica
1546 895 1585 938 a
1620 878 1686 938 L.
1726 878 1911 939 Furio
1960 888 2254 954 praetore
2316 941 2321 948 ,

284 971 464 1039 gesta
491 968 676 1025 esset.
742 964 886 1028 data
913 964 1037 1024 fato
1067 962 1249 1023 etiam
1278 964 1548 1039 quodam
1574 962 1793 1024 Furiae
1822 963 1988 1038 genti
2019 963 2247 1034 Gallica

281 1047 462 1108 bella.
515 1047 721 1108 XLIX.
760 1047 945 1107 huius
975 1046 1220 1121 generis
1251 1047 1630 1107 orationibus
1657 1045 1857 1122 ipsius
1886 1047 2248 1110 amicorum-

283 1147 404 1206 que
432 1131 594 1192 victa
620 1138 718 1191 est
744 1130 1087 1206 praesentis
1116 1130 1312 1204 gratia
1337 1130 1639 1205 praetoris
1671 1130 1943 1191 absentis
1972 1133 2252 1194 consulis

283 1213 611 1284 maiestas;
639 1212 1138 1290 triumphumque
1163 1213 1518 1290 frequentes
1531 1215 1597 1274 L.
1611 1211 1795 1275 Furio
1821 1215 2247 1278 decreverunt.

283 1296 678 1373 triumphavit
716 1299 797 1359 de
826 1297 1014 1359 Gallis
1042 1298 1103 1358 in
1133 1298 1489 1373 magistratu
1516 1297 1583 1358 L.
1612 1297 1835 1360 Furius
1862 1307 2141 1376 praetor,
2189 1309 2252 1364 et

161 1406 174 1414 ·
281 1382 340 1443 in
371 1382 669 1444 aerarium
707 1382 841 1444 tulit
864 1389 1138 1444 trecenta
1162 1383 1375 1459 viginti
1402 1381 1569 1443 milia
1598 1383 1763 1444 aeris
1778 1427 1794 1457 ,
1838 1385 2073 1459 argenti
2102 1401 2231 1446 cen.

282 1473 410 1526 turn
449 1467 614 1526 milia
656 1467 988 1542 quingenta
1022 1467 1250 1542 pondo.
1319 1481 1521 1544 neque
1550 1466 1773 1542 captivi
1800 1466 1907 1526 ulli
1934 1474 2079 1528 ante
2108 1485 2239 1530 cur-

279 1565 414 1610 rum
455 1550 651 1624 ducti,
693 1566 896 1626 neque
938 1551 1140 1626 spolia
1181 1553 1484 1626 praelata,
1526 1565 1729 1626 neque
1768 1551 1991 1612 milites
2026 1554 2242 1614 secuti.

287 1634 490 1694 omnia
514 1639 760 1708 praeter
790 1634 1108 1695 victoriam
1141 1649 1337 1709 penes
1367 1635 1682 1696 consulem
1714 1649 1858 1694 esse
1886 1637 2241 1711 apparebat.

449 1716 603 1776 Ludi
644 1717 868 1777 deinde
897 1731 936 1776 a
960 1716 1026 1776 P.
1057 1717 1339 1779 Cornelio
1371 1717 1690 1794 Scipione,
1735 1734 1895 1794 quos
1930 1723 2149 1781 consul
2180 1721 2243 1782 in

279 1799 490 1860 Ati-ica
517 1806 787 1876 voverat,
816 1815 1037 1876 magno
1067 1809 1371 1877 apparatu
1398 1803 1560 1862 facti.
1605 1809 1665 1863 et
1692 1803 1773 1863 de
1798 1803 1962 1878 agris
1990 1803 2241 1866 militum

280 1884 412 1944 eius
443 1885 752 1946 decretum
769 1931 785 1960 ,
820 1891 887 1944 ut
918 1892 1066 1960 quot
1094 1885 1362 1961 quisque
1388 1901 1601 1948 eorum
1628 1902 1825 1947 annos
1852 1887 1915 1946 in
1942 1889 2247 1964 Hispania

280 1973 386 2029 aut
423 1968 482 2027 in
522 1967 734 2030 Africa
784 1968 1128 2046 militasset,
1179 1969 1242 2031 in
1286 1971 1566 2049 singulos
1604 1988 1803 2033 annos
1848 1969 1989 2033 bina
2030 1972 2243 2049 iugera

280 2052 410 2127 agri
440 2052 775 2129 acciperet=
807 2068 947 2113 eum
975 2070 1191 2130 agrum
1214 2056 1429 2117 decem
1452 2054 1567 2117 viri
1590 2055 2006 2131 adsignarent.
2036 2057 2240 2117 trium·

275 2136 392 2195 viri
447 2138 588 2198 item
647 2139 834 2199 creati
884 2138 964 2199 ad
1021 2140 1432 2215 supplendum
1486 2140 1825 2201 Venusinis
1882 2143 2241 2203 colonorum

261 2226 626 2297 numerum,
681 2222 852 2299 quod
901 2222 1064 2284 bello
1103 2224 1464 2285 Hannibalis
1515 2230 1860 2285 attenuatae
1897 2225 2062 2285 vires
2104 2226 2242 2287 eius

277 2306 557 2367 coloniae
599 2313 797 2383 erant,
849 2306 911 2367 C.
957 2307 1274 2370 Terentius
1317 2310 1516 2370 Varro
1558 2310 1624 2369 T.
1670 2308 1981 2383 Quinctius
2021 2309 2237 2371 Flami-

275 2390 457 2450 ninus
499 2390 562 2450 P.
595 2391 911 2451 Cornelius
956 2391 1060 2451 Cn.
1101 2392 1167 2452 F.
1199 2390 1429 2469 Scipio.
1502 2392 1567 2451 hi
1608 2394 1865 2454 colonos
1903 2393 2241 2454 Venusiam

275 2472 759 2548 adscripserunt.
1760 2507 1764 2513 ·

441 2555 675 2615 Eodem
717 2573 879 2618 anno
924 2558 984 2617 C.
1019 2558 1336 2619 Cornelius
1380 2558 1717 2636 Cethegus,
1762 2562 1867 2637 qui
1902 2562 2241 2637 proconsul

272 2637 633 2713 Hispaniam
659 2640 988 2715 obtinebat,
1017 2657 1304 2717 magnum
1330 2642 1601 2705 hostium
1630 2646 1966 2706 exercitum
1994 2646 2057 2707 in
2086 2661 2238 2721 agro

278 2719 589 2783 Sedetano
634 2724 806 2784 fudit.
879 2724 1224 2799 quindecim
1255 2726 1420 2787 milia
1447 2728 1865 2804 Hispanorum
1892 2746 1968 2792 eo
1999 2728 2239 2807 proelio

273 2804 557 2868 dicuntur
585 2822 787 2882 caesa,
819 2809 998 2883 signa
1025 2810 1307 2871 militaria
1336 2819 1517 2888 capta
1542 2820 1682 2875 octo
1714 2820 1776 2875 et
1802 2814 2208 2889 septuaginta.

441 2889 503 2950 C.
533 2890 824 2953 Aurelius
869 2895 1087 2955 consul
1129 2909 1266 2955 cum
1299 2910 1380 2955 ex
1416 2897 1739 2971 provincia
1762 2898 2021 2959 Romam
2045 2898 2237 2960 comi·

269 2973 491 3035 tiorum
527 2990 720 3037 causa
746 2977 1051 3052 venisset,
1093 2994 1219 3039 non
1248 2978 1313 3040 id
1344 2981 1514 3055 quod
1545 2981 1761 3043 animis
1792 2989 2240 3058 praeceperant

271 3067 524 3134 questus
555 3070 666 3136 est,
697 3078 823 3123 non
853 3068 1279 3139 exspectatum
1302 3080 1373 3124 se
1393 3065 1472 3125 ab
1496 3073 1732 3141 senatu,
1762 3081 1967 3144 neque
1990 3066 2234 3142 discep-

267 3145 436 3206 tandi
485 3162 624 3208 cum
674 3154 959 3224 praetore
1001 3148 1241 3209 consuli
1284 3155 1653 3225 potestatem
1692 3151 1947 3225 tactam,
1998 3151 2114 3211 sed
2153 3151 2239 3211 ita

267 3228 637 3306 triumphum
687 3233 982 3294 decresse
1032 3238 1312 3295 senatum
1326 3280 1343 3308 ‚
1392 3241 1459 3295 ut
1506 3234 1730 3297 nullius
1778 3234 1898 3296 nisi
1950 3234 2084 3295 eius
2128 3234 2237 3311 qui

265 3311 745 3389 triumphaturus
776 3323 962 3392 esset,
991 3324 1054 3379 et
1081 3334 1204 3379 non
1229 3333 1440 3379 eorum
1473 3318 1579 3393 qui
1606 3318 1768 3380 bello
1799 3318 2235 3397 interfuissent,

265 3396 460 3455 verba
487 3398 742 3459 audiret.
807 3401 1075 3462 maiores
1103 3402 1246 3463 ideo
1273 3402 1631 3479 instituisse,
1660 3410 1729 3464 ut
1755 3402 1956 3479 legati,
1986 3402 2235 3477 tribuni,

265 3479 686 3555 centurioneS,
731 3483 952 3543 milites
984 3484 1253 3561 denique
1280 3485 1588 3562 triumpho
1615 3486 1938 3561 adessent,
1978 3494 2047 3549 ut
2069 3486 2231 3546 veri-
