2548 3950
347 223 477 287 324
647 222 876 282 LIBER
896 218 1222 279 XXXVIII.
1270 216 1436 276 CAP.
1460 224 1512 279 7.
1535 224 1588 277 8.
1635 216 1706 293 [a.
1735 220 1794 317 Ul
1807 236 1854 271 o.
1878 214 2004 291 563]

346 386 471 449 set,
515 382 577 435 et
604 374 864 435 ferream
906 371 1173 432 fistulam
1212 367 1697 444 operculumque
1737 364 1884 426 dolii
1913 366 2212 437 ferreum,
2263 374 2326 425 et

345 461 549 536 ipsum
577 456 854 532 pluribus
883 454 1038 516 locis
1066 454 1460 529 perforatum,
1491 450 1783 509 fecerunt.
1833 448 1954 509 hoc
1979 448 2150 509 tenui
2183 450 2321 523 piu-

345 559 443 602 ma
472 541 841 619 completum
870 538 1101 600 dolium
1130 553 1239 598 ore
1267 536 1331 597 in
1362 532 1709 596 cuniculum
1734 548 1921 595 verso
1947 540 2319 607 posuerunt.

343 642 457 702 per
507 624 782 701 operculi
824 622 1123 683 foramina
1160 621 1538 698 praelongae
1580 616 1852 691 hastae,
1877 631 2033 692 quas
2077 616 2319 676 sarisas

344 716 599 780 vocant,
649 707 731 769 ad
772 704 1257 767 summovendos
1301 702 1516 765 hostes
1556 699 1920 760 eminebant.
1987 699 2317 761 scintillam

342 796 539 853 levem
578 783 741 865 ignis
777 789 1029 851 inditam
1071 789 1318 863 plumae
1346 788 1491 848 folle
1521 782 1717 843 fabrili
1747 784 1828 844 ad
1857 791 2042 859 caput
2068 783 2320 845 fistulae

343 875 633 951 imposito
662 872 875 934 flando
904 872 1339 933 accenderunt.
1404 869 1547 929 inde
1577 884 1701 928 non
1731 868 1932 929 solum
1961 882 2189 943 magna
2216 866 2317 927 vis

342 960 524 1031 fumi,
568 958 683 1018 sed
726 958 930 1018 acrior
958 957 1138 1017 etiam
1180 955 1368 1015 foedo
1413 952 1684 1028 quodam
1725 950 1942 1011 nidore
1982 966 2062 1009 ex
2089 950 2320 1011 adusta

342 1046 567 1119 pluma,
601 1056 741 1101 cum
761 1046 955 1101 totum
977 1040 1324 1099 cuniculum
1346 1038 1736 1112 complesset,
1766 1034 1872 1095 vix
1895 1036 2116 1094 durare
2141 1035 2316 1109 quis-

344 1142 528 1201 quam
557 1128 721 1185 intus
753 1130 1009 1197 poterat.

509 1207 669 1267 Vlll.
719 1207 866 1267 Cum
906 1208 969 1267 in
1002 1205 1123 1265 hoc
1150 1212 1314 1265 statu
1344 1204 1424 1265 ad
1451 1202 1841 1264 Ambraciam
1865 1218 1970 1263 res
2000 1211 2188 1277 esset,
2227 1206 2315 1265 le-

340 1294 465 1368 gati
504 1292 582 1351 ab
610 1291 847 1350 Aetolis
876 1289 1193 1349 Phaeneas
1224 1296 1286 1349 et
1317 1288 1668 1349 Damoteles
1710 1302 1850 1347 cum
1889 1286 2106 1357 liberis,
2141 1304 2314 1348 man-

342 1376 501 1437 datis
531 1375 779 1435 decreto
821 1374 1021 1449 gentis
1051 1372 1132 1433 ad
1162 1374 1478 1434 consulem
1505 1378 1822 1431 venerunt.
1893 1386 2033 1433 nam
2063 1379 2315 1449 praetor

343 1475 555 1519 eorum
588 1473 725 1519 cum
746 1458 867 1517 alia
889 1466 1064 1533 parte
1082 1455 1472 1517 Ambraciam
1496 1454 1839 1529 oppugnari
1863 1464 2159 1527 cerneret,
2193 1455 2316 1517 alia

342 1543 625 1603 infestam
672 1558 843 1602 oram
883 1540 1144 1601 navibus
1173 1538 1442 1601 hostium
1473 1552 1649 1611 esse,
1692 1538 1812 1597 alia
1840 1538 2312 1615 Amphilochos,

341 1626 666 1702 Dolopiam
698 1642 735 1684 a
762 1624 1207 1685 Macedonibus
1236 1623 1496 1695 vastari,
1539 1637 1656 1683 nec
1685 1622 1945 1683 Aetolos
1975 1623 2055 1683 ad
2083 1624 2198 1683 tria
2229 1624 2312 1683 si-

342 1710 467 1768 mul
510 1707 757 1768 diversa
795 1708 958 1767 bella
999 1708 1384 1770 occursantis
1426 1706 1746 1778 sufficere,
1788 1713 2131 1768 convocato
2163 1722 2306 1767 con·

345 1792 481 1852 silio
536 1791 795 1851 Aetolos
845 1790 1157 1865 principes
1208 1791 1357 1866 quid
1405 1790 1712 1865 agendum
1763 1798 1932 1850 esset
1981 1790 2310 1851 consuluit.

344 1876 613 1935 omnium
642 1890 718 1935 eo
750 1873 1088 1935 sententiae
1115 1874 1544 1941 decurrerunt,
1575 1882 1644 1943 ut
1671 1888 1825 1949 an,
1855 1873 1910 1933 si
1937 1882 2178 1949 posset,
2207 1890 2314 1934 ae-

344 1958 515 2036 quis,
558 1958 611 2018 si
653 1957 883 2032 minuS,
926 1955 1262 2030 tolerandis
1297 1955 1768 2020 condicionibus
1797 1964 2124 2032 peteretur.
2182 1960 2312 2020 An·

344 2043 527 2104 tiochi
556 2042 785 2103 fiducia
813 2043 1037 2102 bellum
1069 2050 1458 2118 susceptum:
1503 2041 1807 2116 Antiocho
1838 2048 2002 2103 terra
2029 2043 2314 2118 marique

340 2133 632 2201 superato
684 2133 746 2184 et
788 2141 986 2200 prope
1034 2133 1209 2186 extra
1257 2125 1468 2188 orbem
1507 2133 1708 2186 terrae
1746 2127 1906 2186 ultra
1947 2127 2089 2202 iuga
2125 2125 2313 2189 Tauri

342 2217 559 2270 exacto
593 2223 775 2284 quam
804 2224 981 2282 spem
1002 2223 1147 2270 esse
1168 2209 1513 2271 sustinendi
1534 2209 1721 2270 belli?
1761 2208 2078 2271 Phaeneas
2108 2218 2172 2270 et
2190 2211 2312 2272 Da-

341 2295 597 2354 moteles
632 2290 803 2368 quod
832 2307 869 2351 e
895 2307 963 2350 re
985 2294 1362 2368 Aetolorum,
1394 2293 1546 2355 utin
1573 2292 1680 2353 tali
1708 2308 1878 2365 casu,
1911 2293 2161 2370 fideque
2193 2311 2314 2356 sua

341 2391 487 2436 esse
528 2381 881 2448 censerent,
924 2383 1205 2448 agerent:
1262 2377 1434 2453 quod
1475 2375 1635 2436 enim
1677 2377 1795 2437 sibi
1839 2378 2166 2439 consilium
2209 2388 2318 2440 aut

341 2459 517 2524 cuius
546 2459 638 2518 rei
659 2459 1020 2518 electionem
1042 2474 1081 2516 a
1105 2459 1350 2520 fortuna
1368 2460 1634 2520 relictam
1651 2467 1682 2518 *ἓ
1723 2475 1862 2521 cum
1882 2459 1980 2522 his
2002 2459 2314 2522 mandatis

340 2542 521 2618 legati
548 2539 724 2602 missi
753 2557 933 2602 orare
962 2543 1298 2616 consulem,
1327 2549 1398 2604 ut
1424 2551 1705 2618 parceret
1726 2543 1880 2620 urbi,
1913 2545 2316 2608 misereretur

339 2626 539 2699 gentis
564 2626 881 2700 quondam
904 2627 1133 2701 sociae,
1160 2626 1328 2688 nolle
1349 2627 1554 2687 dicere
1575 2627 1827 2700 iniuriiS,
1851 2627 2118 2689 miseriis
2141 2637 2316 2690 certe

341 2715 595 2769 coactae
621 2708 911 2768 insanire.
957 2726 1083 2769 non
1112 2712 1254 2784 plus
1282 2710 1423 2769 mali
1453 2711 1702 2772 meritos
1731 2713 1989 2773 Aetolos
2019 2713 2314 2775 AntIoehi

337 2792 499 2851 bello
532 2802 714 2866 quam
745 2791 892 2852 boni
920 2799 1091 2866 ante,
1138 2809 1277 2854 cum
1307 2794 1610 2854 adversus
1637 2794 1980 2871 Philippum
2019 2788 2312 2859 bellatum

339 2875 434 2948 sit,
466 2875 712 2934 fecisse.
770 2889 885 2934 nec
915 2882 1039 2935 tum
1068 2878 1237 2952 large
1264 2875 1523 2951 gratiam
1549 2878 1802 2938 relatam
1829 2879 1967 2952 sibi,
1997 2894 2115 2940 nec
2143 2897 2313 2942 nunc

334 2957 663 3019 immodice
693 2973 962 3034 poenam
989 2958 1224 3036 iniungi
1253 2960 1502 3022 debere.
1545 2963 1623 3022 ad
1650 2978 1726 3020 ea
1747 2966 1964 3025 consul
1985 2965 2313 3039 respondit

336 3043 533 3118 magis
576 3057 768 3118 saepe
812 3058 997 3117 quam
1035 3059 1181 3104 vere
1216 3061 1512 3120 umquam
1538 3047 1795 3107 Aetolos
1825 3061 2044 3123 pacem
2072 3054 2310 3122 petere.

334 3125 713 3186 imitarentur
738 3125 1111 3188 Antiochum
1152 3130 1213 3189 in
1242 3129 1512 3206 petenda
1541 3145 1728 3204 pace,
1774 3146 1954 3204 quem
1985 3131 2046 3190 in
2079 3132 2310 3195 bellum

334 3209 687 3270 traxissent.
750 3227 873 3271 non
902 3213 1120 3286 paucis
1150 3213 1408 3274 urbibus
1437 3227 1595 3288 eum,
1627 3215 1708 3274 de
1738 3231 1996 3290 quarum
2025 3213 2312 3276 libertate

336 3299 628 3352 certatum
670 3294 776 3366 sit,
817 3297 932 3355 sed
962 3297 1126 3357 omni
1156 3297 1312 3356 Asia
1338 3295 1429 3357 cis
1456 3297 1722 3357 Taurum
1749 3305 2048 3372 montem,
2095 3300 2308 3374 opimo

334 3390 547 3449 regno,
582 3379 955 3438 excessisse.
1018 3381 1277 3440 Aetolos
1308 3379 1426 3440 nisi
1455 3381 1718 3441 inermes
1751 3383 1831 3442 de
1858 3397 2018 3458 pace
2045 3390 2308 3457 agentes

335 3470 457 3515 non
499 3459 845 3520 auditurum
888 3477 977 3545 se.
1042 3479 1215 3523 arma
1242 3462 1364 3523 illis
1394 3463 1567 3539 prius
1597 3480 1922 3540 equosque
1953 3465 2152 3526 omnis
2183 3475 2308 3527 tra-
