2548 3950
460 329 465 333 ,
536 233 779 329 ἸΛΒΕΒ
800 268 1121 329 xxxvm.
1169 266 1334 327 cAP.
1363 274 1450 329 53.
1477 275 1566 328 54.
1611 274 1684 341 [a.
1707 273 1772 325 c.
1805 276 1930 339 187]
2014 294 2018 299 .
2099 264 2225 329 369

272 421 561 487 Africano
607 420 870 494 palmam
909 416 1244 492 peteretis?
1293 416 1557 477 nullisne
1581 418 1808 477 meritis
1839 418 1999 491 suiS,
2040 417 2223 477 nullis

275 506 499 567 vestris
539 501 875 564 honoribus
914 515 1206 575 umquam
1247 498 1306 559 in
1337 514 1539 559 arcem
1579 506 1770 559 tutam
1803 508 1865 561 et
1890 500 2057 561 velut
2083 516 2224 561 san-

272 598 431 651 ctam
461 586 609 649 clari
641 585 755 645 viri
783 583 1172 660 pervenient,
1212 582 1349 657 ubi,
1379 583 1433 643 si
1461 598 1584 643 non
1614 582 2003 658 venerabiliS,
2032 582 2223 643 invio-
2331 655 2335 661 ¹

268 675 391 733 lata
420 670 635 731 saltem
665 674 951 729 senectus
982 679 1195 728 eorum
1218 664 1578 726 considat?“
1620 666 1812 727 movit
1831 671 1894 725 et
1913 664 2223 727 decretum

270 762 331 814 et
358 753 601 815 adiecta
622 752 816 813 oratio
846 766 968 811 non
997 756 1237 811 ceteros
1266 750 1472 821 modo,
1505 750 1617 810 sed
1644 748 1818 824 ipsos
1842 749 2018 809 etiam
2045 764 2220 809 accu-

271 844 543 905 satores3
588 843 651 898 et
684 828 1126 895 deliberaturos
1156 847 1244 907 se,
1281 832 1428 907 quid
1461 833 1556 893 sui
1584 831 1734 893 iuris
1764 838 1824 891 et
1847 832 2036 892 officii
2059 839 2227 893 esset

274 920 575 981 dixerunt.
649 924 901 979 senatus
945 916 1167 997 deinde
1209 914 1469 977 concilio
1499 914 1984 990 plebis·dimisso
2013 915 2222 975 haberi

271 1011 369 1064 est
389 1008 665 1078 coeptus.
712 1000 796 1061 ibi
818 999 1049 1075 gratiae
1068 1000 1348 1074 ingentes
1371 998 1450 1058 ab
1469 1000 1760 1059 universo
1787 997 2020 1072 ordine,'
2047 1011 2223 1073 prae·

272 1087 451 1161 cipue
488 1102 543 1145 a·
566 1084 993 1145 consularibus
1044 1080 1549 1157 senioribusque,
1597 1082 1684 1141 Ti.
1734 1080 2009 1142 Graccho
2051 1089 2224 1141 actae

267 1166 443 1243 sunt,
489 1168 655 1243 quod
692 1182 822 1226 rem
864 1167 1183 1243 publicam·
1206 1164 1474 1247 privatis⁶
1493 1164 1896 1225 simultatibus
1925 1164 2226 1238 potiorem

270 1252 621 1319 habuisset3
664 1256 725 1309 et
748 1249 963 1309 Petillii
990 1250 1194 1309 vexati
1225 1252 1369 1310 sunt
1397 1248 1659 1325 probriS,
1699 1248 1868 1324 quod
1895 1246 2226 1322 splendere

271 1334 470 1393 aliena
514 1332 740 1391 invidia
776 1332 1122 1394 voluis-sent
1159 1338 1219 1391 et
1258 1332 1459 1406 spolia
1497 1347 1576 1391 ex
1601 1331 1875 1391 Africani
1917 1328 2224 1405 triumpho

277 1417 566 1492 peterent.
614 1414 919 1484 silentium
947 1412 1170 1475 deinde
1199 1415 1277 1475 de
1304 1413 1595 1474 Africano
1627 1414 1752 1474 fuit.
1796 1414 1980 1474 vitam
2000 1413 2228 1473 Literni

273 1500 397 1574 egit
434 1499 567 1577 sine
608 1497 918 1559 desiderio
954 1496 1150 1559 urbis,
1223 1498 1574 1559 morientem
1615 1504 1873 1558 rure'eo
1915 1498 2056 1573 ipso
2085 1498 2226 1557 loco

274 1582 525 1659 sepeliri
553 1590 625 1643 se
653 1580 915 1643 iussisse
947 1582 1147 1642 ferunt
1172 1588 1762 1655 monumentumque·
1781 1581 1866 1641 ibi
1894 1579 2224 1652 aedificari,

272 1682 351 1725 ne
390 1667 573 1726 funus
616 1664 734 1727 sibi
772 1665 835 1724 in
874 1664 1109 1739 ing-rata
1148 1665 1345 1741 patria
1385 1664 1576 1724 fleret.
1649 1662 1745 1723 vir
1783 1661 2250 1725 memorabilisx·

268 1748 506 1811 bellicis
556 1757 757 1810 tamen
809 1764 990 1823 quam
1044 1747 1217 1822 pacis
1267 1744 1500 1808 astibus
1541 1746 1993 1807 memorabilior
2030 1746 2228 1821 prima

272 1846 419 1907 pars
442 1833 620 1893 vitae
664 1846 846 1908 quam
878 1832 1354 1907 postremaruit,
1397 1830 1542 1907 quia
1569 1831 1626 1889 in
1657 1830 1906 1891 iuventa
1929 1828 2090 1889 bella
2119 1824 2227 1888 ad·

274 1913 454 1975 sidue
474 1922 667 1992 gesta,
692 1920 1105 1978 cum-senecta
1123 1929 1227 1974 res
1250 1930 1500 1990 quoque
1522 1912 1885 1984 defloruere,
1912 1927 2028 1971 nec
2049 1926 2222 1988 prae-

272 1999 399 2058 bita
424 2007 520 2059 est
544 2001 795 2060 materia
822 1999 1086 2074 ingenio.
1137 1998 1298 2072 quid·
1315 1997 1396 2057 ad
1422 1997 1683 2071 primum
1714 1995 2096 2056 consulatum
2129 2009 2226 2054 se-

278 2082 536 2154 cundm,
565 2082 741 2142 etiam
770 2083 823 2142 si
854 2095 1176 2142 censuram
1205 2079 1468 2140 adicias?
1509 2079 1658 2153 quid
1685 2079 1958 2140 Asiatica
1984 2077 2228 2152 legatio,

274 2170 337 2223 et
362 2163 708 2223 valetudine
746 2164 1009 2226 adversa
1048 2163 1271 2224 inutilis
1287 2209 1304 2236 ‚
1345 2169 1408 2222 et
1432 2161 1535 2222 filii
1579 2177 1730 2222 casu
1757 2161 2096 2222 deformata
2109 2197 2130 2233 ‚·
2167 2169 2230 2220 ct

275 2254 419 2322 post
454 2244 715 2306 reditum
753 2249 1123 2308 necessitate
1165 2254 1270 2307 aut
1308 2245 1613 2306 subeundi
1652 2242 1861 2305 iudicii
1900 2250 2008 2304 >aul.
2047 2244 2226 2304 simul

276 2344 415 2390 cum
442 2329 638 2404 patria
666 2329 1033 2391 deserendi?
1071 2329 1277 2389 Punici
1305 2330 1504 2388 tamen
1530 2326 1676 2387 belli
1705 2325 2070 2407 perpetrati,
2103 2343 2226 2402 quo

274 2413 505 2474 nullum
546 2425 751 2486 neque
777 2415 973 2473 maius
1001 2415 1205 2488 neque
1231 2411 1642 2488 periculosius
1669 2411 1936 2471 Romani·
1954 2425 2226 2485 gessere,

274 2513 435 2557 unus
465 2496 860 2579 praecipuam
886 2494 1137 2570 gloriam
1165 2497 1316 2557 tulit.

440 2579 592 2638 LIV.
631 2579 828 2640 Morte
848 2578 1121 2639 Africani
1146 2577 1399 2639 crevere
1423 2577 1802 2639 inimicorum
1825 2575 2039 2646 animi3
2072 2594 2224 2653 >quo-

272 2678 406 2723 rum
445 2663 739 2738 princeps
780 2661 889 2721 fuit
916 2661 995 2720 M.
1024 2661 1279 2723 Porcius
1309 2661 1488 2736 Calc,
1531 2661 1632 2737 qui
1673 2661 1816 2722 vivo
1861 2675 2110 2737 quoque
2148 2677 2229 2721 eo
2294 2670 2302 2675 ’·

260 2741 579 2808 ‘adlatrare
628 2744 1105 2820 magnitudinem
1149 2739 1288 2806 eius
1339 2745 1556 2806 solitus
1597 2751 1746 2804 erat.
1806 2743 1926 2806 hoc
1978 2751 2229 2824 auctore

275 2828 696 2889 existimantur
713 2826 927 2889 Petillii
958 2834 1019 2889 et
1035 2827 1187 2889 'vivo
1210 2828 1502 2890 Africano
1530 2843 1661 2888 rem
1689 2827 1953 2902 ingressi
1982 2834 2044 2887 et
2068 2843 2229 2888 mor·

272 2919 375 2972 tuo
402 2913 779 2987 rogationem
806 2913 1254 2988 promulgasse.
1287 2911 1411 2974 ‘fuit
1432 2919 1634 2974 autem
1654 2911 1888 2984 rogatio
1911 2907 2051 2970 talis
2081 2926 2227 2984 „vc-

274 2995 393 3053 litis
423 2995 712 3068 iubeatis,
758 2995 1047 3068 QuiriteS‚
1093 3011 1252 3071 quae
1283 2994 1544 3071 pecunia
1573 2999 1752 3070 capta
1785 2991 1988 3054 ablata
2015 2999 2232 3053 coacta

273 3077 351 3136 ab
392 3091 541 3151 rege
580 3077 887 3137 Antiocho
929 3085 1029 3137 est
1064 3079 1294 3153 quique
1335 3079 1451 3138 sub
1491 3077 1748 3153 imperio
1791 3075 1926 3137 eius
1966 3076 2230 3148 fuerunt,

276 3159 447 3236 quod
474 3158 608 3223 eius
636 3158 698 3220 in
731 3159 1043 3236 publicum
1070 3159 1327 3221 relatum
1353 3176 1478 3221 non
1507 3167 1629 3234 est,
1670 3161 1766 3221 uti·
1784 3160 1863 3221 de
1893 3171 1970 3220 ea
1997 3174 2066 3218 re
2095 3157 2230 3218 Ser.

272 3241 583 3319 Sulpicius
610 3251 857 3319 praetor
880 3244 1155 3304 urbanus
1185 3244 1265 3305 ad
1295 3250 1571 3306 senatum
1597 3245 1837 3318 referat,
1882 3257 2066 3318 quem
2094 3257 2228 3302 eam

272 3341 403 3386 rem
422 3327 568 3388 velit
588 3334 841 3390 senatus
863 3342 1160 3404 quaerere
1182 3327 1263 3387 de
1281 3327 1357 3388 iis
1382 3327 1489 3403 qui
1508 3333 1826 3402 praetores
1847 3339 2012 3387 nunc
2028 3329 2230 3386 sunt.'“

274 3408 415 3468 huic
456 3411 757 3485 rogationi
794 3411 989 3487 primo
1019 3411 1085 3485 Q.
1118 3417 1179 3472 et
1204 3411 1273 3470 L.
1300 3410 1566 3472 Mummii
1596 3409 2084 3477 intercedebant3
2131 3416 2230 3469 sel-

275 3502 483 3552 natum
524 3509 821 3566 quaerere
858 3496 936 3556 de
978 3495 1241 3570 pecunia
1281 3511 1400 3557 non
1447 3495 1634 3554 relata
1663 3494 1724 3553 in
1767 3491 2108 3567 publicum,
2148 3489 2232 3552 ita

358 3593 411 3634 τ.
443 3591 566 3635 ιινι
595 3591 748 3635 rans
776 3576 887 3635 IV·
1749 3577 1821 3633 24
