2548 3950
403 217 490 282 50
711 215 942 276 LIBER
961 215 1200 275 xxxn.
1247 214 1413 274 CAP.
1436 224 1486 274 5.
1512 219 1565 274 6.
1590 220 1641 275 7.
1686 213 1758 290 [a.
1783 218 1832 269 u
1857 234 1905 272 ο.
1928 211 2053 293 549]

405 371 688 432 abscisae
710 383 900 443 rupes
925 374 1112 440 erant,
1131 367 1313 428 statio
1336 379 1672 440 paucorum
1697 371 2063 424 armatorum
2086 365 2365 438 tenebat;

409 470 532 532 qua
557 452 758 512 minus
787 457 916 512 tuta
945 457 1147 524 erant,
1177 451 1297 510 alia
1324 450 1545 521 fossiS,
1590 448 1712 508 alia
1742 447 1917 520 vallo,
1953 448 2073 507 alia
2098 449 2367 511 turribus

403 537 732 598 muniebat.
804 551 1028 610 magna
1064 541 1500 594 tormentorum
1541 533 1718 592 etiarn
1758 531 1884 603 vis,
1927 538 1993 591 ut
2030 532 2367 594 missilibus

403 621 624 698 procul
656 626 937 680 arcerent
961 618 1222 691 hostem,
1251 617 1493 677 idoneis
1522 615 1676 676 locis
1700 615 2005 691 disposita
2021 622 2137 675 est.
2166 616 2366 676 taber·

406 707 691 766 naculum
718 704 955 777 regium
984 717 1095 776 pro
1126 702 1321 774 vallo,
1365 701 1427 760 in
1459 706 1793 774 conspecto
1823 700 2087 760 maxime
2114 702 2371 775 tumulO,

405 796 474 850 ut
517 796 812 850 terrorem
863 785 1146 846 hostibus
1197 786 1455 860 suisque
1504 799 1681 858 spem
1726 798 1805 842 ex
1846 782 2071 842 fiducia
2120 785 2367 858 faceret,

453 871 698 935 osituml
1486 895 1498 908 ·

407 891 446 950 p
563 957 667 1015 VI.
715 955 939 1019 Consul
990 971 1102 1030 per
1144 953 1492 1027 Charopum
1534 951 1823 1026 Epiroten
1880 951 2102 1011 certior
2149 949 2369 1027 sactuS,

408 1057 568 1118 quos
621 1043 814 1101 saltus
855 1055 991 1099 cum
1035 1039 1306 1097 exercitu
1351 1035 1683 1096 insedisset
1727 1051 1869 1108 rex,
1918 1043 1980 1095 et
2016 1036 2184 1111 ipse,
2230 1052 2371 1096 cum

406 1127 715 1200 Corcyrae
734 1123 1139 1196 hibernasset,
1154 1135 1301 1179 vere
1323 1121 1517 1194 primo
1542 1119 1602 1178 in
1629 1119 2035 1180 continentem
2058 1126 2369 1181 travectus

405 1208 483 1268 ad
528 1207 768 1266 hostem
812 1206 1041 1266 ducere
1081 1205 1297 1280 pergit.
1365 1205 1637 1278 quinque
1664 1202 1827 1262 milia
1856 1203 2044 1262 ferme
2072 1203 2150 1262 ab
2180 1204 2370 1278 regiis

407 1291 626 1354 castris
659 1305 795 1351 cum
826 1291 1106 1363 abesset,
1143 1291 1284 1349 loco
1315 1288 1543 1349 munito
1574 1286 1799 1347 relictis
1829 1285 2193 1360 legionibus,
2223 1287 2364 1368 ipse

407 1393 547 1436 cum
597 1374 902 1450 expeditis
942 1387 1316 1448 progressus
1357 1371 1437 1432 ad
1478 1371 1858 1446 speculanda
1896 1372 2063 1444 loca,
2113 1379 2373 1445 postero

407 1461 506 1519 die
544 1459 864 1519 consilium
905 1456 1146 1531 habuit,
1193 1462 1393 1516 utrum
1438 1470 1549 1530 per
1587 1455 1895 1515 insessum
1932 1454 2011 1513 ab
2039 1454 2219 1516 hoste
2246 1457 2369 1514 sal-

403 1548 550 1616 tum,
584 1557 955 1617 quamquam
981 1542 1158 1602 labor
1179 1540 1395 1614 ingens
1420 1540 1878 1614 periculumque
1898 1544 2367 1614 proponeretur,

403 1625 718 1687 transitum
759 1630 1110 1699 temptaret,
1155 1641 1230 1682 an
1273 1624 1493 1683 eodem
1526 1622 1767 1696 itinere,
1813 1638 1939 1698 quo
1969 1623 2175 1697 priore
2206 1639 2369 1683 anno

407 1707 714 1785 Sulpicius
741 1707 1168 1768 Macedoniam
1206 1708 1564 1780 intraverat,
1608 1705 2090 1766 circumduceret
2128 1706 2365 1781 copias.

404 1792 524 1853 hoc
558 1791 876 1852 consilium
905 1806 1018 1865 per
1052 1791 1274 1851 multos
1308 1790 1442 1849 dies
1469 1789 1718 1863 agitanti
1746 1790 1804 1850 ei
1835 1790 2079 1850 nuntius
2108 1791 2279 1850 venit
2301 1789 2366 1849 Τ.

407 1875 750 1950 Quinctium
791 1875 1106 1934 consulem
1149 1874 1369 1933 factum
1404 1872 1807 1949 sortitumque
1836 1874 2211 1948 provinciam
2240 1874 2369 1934 Ma-

405 1959 725 2021 cedoniam
754 1964 1052 2020 maturato
1083 1958 1299 2019 itinere
1318 1958 1437 2018 iam
1462 1956 1792 2037 Corcyram
1814 1958 2151 2020 traiecisse.
2184 1960 2368 2019 Vale-

403 2045 533 2103 rius
563 2043 780 2104 Antias
822 2042 1085 2103 intrasse
1127 2044 1344 2104 saltum
1373 2040 1621 2103 Villium
1650 2042 1862 2118 tradit,
1908 2043 2053 2119 quia
2077 2051 2247 2104 recto
2278 2045 2368 2102 iti-

404 2142 552 2189 nere
580 2126 883 2204 nequierit
912 2127 1194 2188 omnibus
1225 2126 1303 2186 ab
1330 2142 1479 2203 rege
1505 2126 1797 2202 insessis,
1841 2136 2118 2189 secutum
2146 2129 2369 2187 vallem

401 2229 517 2289 per
545 2228 730 2291 quam
758 2211 1022 2273 mediam
1051 2213 1241 2273 fertur
1261 2212 1437 2271 Aous
1469 2211 1699 2281 amnis3
1742 2217 1931 2285 ponte
1958 2212 2179 2287 raptim
2206 2213 2369 2275 facto

401 2300 461 2358 in
503 2298 697 2374 ripam
717 2343 734 2373 ,
776 2297 838 2357 in
885 2313 1008 2374 qua
1048 2302 1223 2357 erant
1260 2302 1463 2357 castra
1501 2295 1701 2371 regia,
1742 2302 2198 2371 transgressum
2234 2296 2369 2357 acie

401 2381 800 2451 conflixisse;
842 2382 1047 2443 susum
1095 2382 1492 2456 fugatumque
1532 2394 1772 2454 regem,
1818 2382 2035 2441 castris
2079 2387 2365 2448 exutum3

329 2508 336 2513 -
403 2465 732 2525 duodecim
759 2464 924 2523 milia
951 2464 1222 2524 hostium
1248 2478 1325 2524 eo
1356 2463 1593 2538 proelio
1618 2478 1821 2537 caesa,
1854 2474 2035 2540 capta
2056 2464 2181 2525 duo
2204 2464 2369 2524 milia

401 2555 464 2608 et
491 2549 815 2620 ducentoS,
846 2553 906 2606 et
930 2548 1109 2621 signa
1134 2546 1415 2607 militaria
1442 2554 1683 2608 centum
1708 2548 1950 2623 triginta
1978 2550 2104 2610 duo
2120 2593 2136 2622 ,
2168 2564 2367 2625 equos

402 2632 703 2692 ducentos
733 2629 1012 2705 triginta3
1060 2630 1277 2691 aedem
1306 2630 1486 2692 etiam
1514 2631 1645 2692 Iovi
1673 2631 1734 2691 in
1764 2647 1840 2694 eo
1874 2630 2108 2707 proelio
2138 2641 2365 2702 votam,

401 2714 455 2775 si
485 2730 586 2775 res
614 2728 916 2790 prospere
940 2722 1117 2789 gesta
1138 2722 1325 2775 esset.
1368 2715 1554 2776 ceteri
1579 2715 1796 2777 Graeci
1814 2713 2136 2791 Latinique
2156 2723 2365 2777 aucto-

398 2814 520 2872 reS,
555 2814 815 2872 quorum
851 2799 1098 2874 quidem
1127 2814 1245 2874 ego
1276 2799 1395 2875 legi
1425 2801 1695 2873 annaleS,
1726 2799 1873 2859 nihil
1903 2800 2300 2862 memorabile
2330 2817 2368 2859 a

395 2881 584 2941 Villio
635 2888 832 2943 aetum
877 2883 1303 2959 integ-rumque
1344 2885 1568 2943 bellum
1598 2884 2018 2960 insequentem
2048 2887 2365 2947 consulem

389 2966 463 3024 T.
497 2964 835 3039 Quinctium
865 2966 1188 3041 accepisse
1215 2968 1481 3029 tradunt.

566 3050 700 3112 VII.
748 3051 904 3112 Dum
934 3050 1088 3111 haec
1123 3050 1184 3111 in
1213 3050 1577 3115 Macedonia
1602 3060 1926 3128 geruntur,
1968 3053 2187 3115 consul
2214 3054 2367 3115 alter

395 3134 463 3193 L.
504 3134 826 3209 LentuluS,
871 3134 974 3210 qui
1013 3134 1248 3195 Romae
1288 3136 1670 3211 substiterat,
1717 3138 1957 3199 comitia
1998 3138 2363 3199 censoribus

397 3219 682 3279 creandis
712 3218 942 3279 habuit.
997 3218 1202 3280 multis
1231 3220 1414 3281 claris
1444 3220 1792 3297 petentibus
1820 3222 1967 3283 viris
2000 3222 2187 3283 creati
2214 3237 2360 3283 cen-

397 3316 575 3362 sores
617 3300 681 3360 P.
715 3302 1034 3363 Cornelius
1067 3300 1278 3378 Scipio
1308 3304 1636 3365 Africanus
1682 3312 1743 3365 et
1776 3304 1841 3364 P.
1872 3306 2087 3367 Aelius
2113 3304 2361 3367 Paetus,

395 3384 437 3442 ii
465 3398 687 3459 magna
725 3386 882 3446 inter
922 3403 992 3447 se
1035 3387 1370 3450 concordia
1410 3396 1470 3449 et
1507 3396 1783 3450 senatum
1826 3389 1961 3449 sine
1999 3388 2184 3451 ullius
2216 3398 2363 3451 nota

391 3466 688 3545 legerunt,
720 3477 782 3530 et
806 3472 1084 3547 portoria
1110 3470 1474 3531 venalicium
1504 3472 1753 3547 Capuae
1773 3471 2187 3549 Puteolisque,
2218 3474 2363 3535 item
