2548 3950
338 226 463 290 350
592 224 820 285 Lmen
849 222 1170 282 xxxvm.
1216 220 1384 281 CAP.
1407 227 1495 280 35.
1521 227 1608 281 36.
1653 222 1724 297 [a.
1754 226 1822 276 n.
1849 219 2044 295 astu]

341 378 671 454 provinciis
716 383 776 435 et
802 374 1171 437 exercitibus
1204 380 1482 434 senatum
1511 374 1961 443 consuluerunt.
2004 372 2082 433 de
2111 372 2298 436 Aeto·

342 462 419 523 lia
449 469 509 522 et
534 460 685 519 Asia
712 458 856 518 nihil
887 464 1173 518 mutatum
1204 464 1318 517 est.
1369 455 1725 518 consulibus
1757 455 1930 516 alteri
1956 455 2133 517 Pisae
2165 471 2310 517 cum

338 544 693 620 LiguribuS,
736 540 909 601 alteri
939 540 1130 603 Gallia
1158 539 1474 616 provincia
1501 540 1749 600 decreta
1775 545 1912 599 est..
1945 554 2314 615 comparare

339 629 495 689 ‘nter
521 643 591 687 se
612 631 716 686 aut
736 622 939 685 sortiri
959 622 1132 697 iussi,
1164 628 1226 683 et
1244 638 1442 684 novos
1465 618 1792 696 exercitus,
1823 622 2000 681 binas
2023 622 2308 697 legiones

342 710 638 781 scribere,
679 710 757 769 et·
781 714 848 769 ut
869 707 1055 767 sociis
1084 705 1281 767 Latini
1309 704 1572 767 nominis
1602 704 1786 779 quina
1814 704 1976 765 dena
2004 705 2167 764 milia
2197 720 2302 779 pe·

340 794 529 855 ditum
555 794 923 867 imperarent
948 795 1010 851 et
1036 788 1197 848 mille
1226 797 1285 851 et
1325 790 1624 849 ducentos
1659 788 1918 863 equites.
1973 786 2314 848 Messallae

340 877 625 953 LigureS,
671 873 995 935 Salinatori
1039 870 1253 947 obtigit
1293 871 1504 932 Gallia.
1561 879 1879 946 praetores
1930 870 2072 931 inde
2110 871 2304 931 sortiti

342 966 514 1020 sunta
555 958 635 1017 Μ.
668 956 917 1018 Claudio
946 956 1197 1028 urbana,
1240 955 1306 1015 P.
1336 952 1586 1015 Claudio
1618 953 1942 1030 peregrina
1961 950 2312 1014 iurisdictio-

341 1043 559 1115 evenit‚
590 1040 656 1114 Q.
687 1040 917 1101 Marcio
946 1038 1180 1100 Sicilia:
1222 1037 1285 1098 C.
1311 1035 1632 1098 Stertinius
1655 1036 2012 1110 Sardiniam,
2042 1036 2109 1095 L.
2131 1036 2302 1097 Man·

342 1125 455 1185 lius
483 1122 840 1197 Hispaniam
870 1121 1227 1195 citeriorem,
1260 1121 1323 1181 C.
1353 1120 1592 1181 Atinius
1621 1119 1968 1199 ulteriorem
1999 1127 2096 1180 est
2122 1119 2299 1181 sorti-

341 1216 458 1269 tus.
502 1206 766 1266 XXXVI.
808 1206 886 1265 de
914 1203 1284 1279 exercitibus
1314 1203 1399 1263 ita
1425 1204 1670 1279 placuit,
1695 1220 1773 1265 ex
1805 1201 1999 1263 Gallia
2027 1203 2308 1278 legiones

342 1306 501 1366 quae
529 1290 643 1351 sub
672 1289 733 1349 C.
765 1288 969 1349 Laelio
1001 1288 1265 1361 fuerant,
1310 1288 1385 1347 ad
1417 1286 1496 1347 M.
1523 1287 1810 1348 Tuccium
1840 1293 2305 1362 propraetorem

342 1373 401 1433 in
442 1373 711 1435 Bruttios
741 1373 1004 1443 traduci3
1050 1378 1110 1433 et
1148 1372 1254 1447 qui
1282 1371 1346 1431 in
1376 1369 1583 1431 Sicilia
1611 1377 1796 1445 esset,
1827 1367 2041 1430 dimitti
2069 1370 2304 1430 exerci-

342 1464 497 1527 tum;
553 1465 613 1518 et
653 1458 943 1529 classem,
996 1470 1153 1531 quae
1193 1454 1278 1515 ibi
1318 1458 1517 1526 esset,
1567 1454 1822 1514 Romam
1865 1453 2185 1513 reduceret
2221 1452 2308 1512 M.

343 1539 739 1615 Sempronius
764 1544 1141 1615 propraetor.
1185 1535 1496 1613 Hispaniis
1518 1535 1796 1611 singulae
1817 1535 2114 1611 legioneS,
2144 1550 2311 1611 quae

341 1630 467 1683 tum
494 1623 555 1681 in
582 1622 675 1682 his
710 1620 1039 1698 provinciis
1067 1627 1259 1695 erant,
1291 1621 1590 1695 decretae,
1621 1626 1682 1678 et
1708 1626 1775 1680 ut
1802 1625 1974 1678 terna
2000 1618 2165 1679 milia
2195 1634 2302 1695 pe—

343 1706 547 1778 ditum,
592 1704 865 1765 ducenos
896 1703 1131 1779 equites
1162 1704 1344 1764 ambo
1374 1709 1688 1778 praetores
1716 1702 1775 1761 in
1809 1704 2302 1778 supplementum

343 1785 529 1848 sociis
557 1786 921 1861 imperarent
946 1802 1284 1861 secumque
1313 1792 1810 1862 transportarent.
1857 1784 2218 1862 priusquam
2241 1785 2303 1844 in

343 1869 691 1945 provincias
720 1870 864 1932 novi
891 1869 1279 1943 magistratus
1319 1868 1882 1944 proficiscerentur,
1931 1868 2304 1944 supplicatio

342 1952 603 2015 triduum
645 1968 756 2028 pro
799 1952 1055 2029 collegio
1085 1953 1571 2016 decemvirorum
1609 1951 1905 2030 imperata
1943 1952 2052 2014 suit
2080 1953 2140 2012 in
2173 1968 2300 2014 om·

343 2038 519 2098 nibus
562 2039 871 2114 compitiS,
926 2038 1093 2113 quod
1133 2039 1269 2098 luce
1309 2037 1466 2098 inter
1507 2038 1722 2099 horam
1759 2038 1996 2098 tertiam
2025 2039 2216 2097 ferme
2244 2043 2304 2096 et

344 2127 617 2208 quartam
678 2122 965 2182 tenebrae
1026 2120 1280 2182 obortae
1327 2122 1578 2182 fuerant.
1657 2128 1719 2182 et
1766 2119 2150 2184 novemdiale
2202 2136 2300 2182 sa-

342 2203 634 2263 crificium
673 2204 964 2266 indictum
1006 2213 1128 2280 est,
1174 2205 1342 2280 quod
1381 2205 1442 2264 in
1471 2205 1774 2265 Aventino
1819 2203 2123 2280 lapidibus
2168 2205 2299 2278 plu-

341 2289 552 2348 visset.

510 2371 823 2447 Campani,
868 2387 1000 2432 cum
1032 2388 1143 2434 eos
1173 2387 1253 2432 ex
1282 2380 1533 2432 senatus
1565 2372 1864 2443 consulto,
1897 2370 2063 2445 quod
2093 2369 2302 2444 priore

342 2468 502 2514 anno
534 2455 755 2516 factum
784 2461 939 2530 erat,
985 2469 1278 2516 censores
1306 2456 1537 2516 Romae
1578 2454 1816 2515 censeri
1847 2453 2302 2530 coegissent—

342 2552 481 2596 nam
510 2543 691 2598 antea
715 2537 1010 2598 incertum
1041 2539 1237 2600 fuerat
1277 2537 1384 2600 ubi
1412 2544 1837 2611 censerentur,
1864 2568 1952 2581 —-
1977 2536 2308 2612 petierunt,

340 2627 406 2680 ut
445 2617 562 2680 sibi
604 2619 770 2681 cives
812 2621 1121 2684 Romanas
1163 2622 1392 2682 ducere
1431 2636 1658 2681 uxores
1709 2621 1946 2694 liceret,
1995 2626 2055 2680 et
2093 2619 2145 2679 si
2193 2619 2299 2696 qui

343 2700 513 2774 prius
542 2701 894 2776 duxissent,
940 2712 1007 2764 ut
1032 2704 1259 2765 habere
1291 2720 1417 2778 eas,
1447 2710 1508 2764 et
1535 2703 1659 2764 nati
1685 2711 1824 2764 ante
1853 2718 1991 2764 eam
2020 2702 2182 2762 diem
2213 2701 2299 2762 uti

338 2783 480 2842 iusti
511 2782 626 2843 sibi
656 2783 830 2844 liberi
858 2785 1245 2861 heredesque
1273 2792 1499 2848 essent.
1545 2793 1805 2862 utraque
1828 2802 1931 2847 res
1959 2785 2302 2860 impetrata.

338 2865 418 2926 de
445 2865 782 2927 Formianis
810 2867 1249 2944 Fundanisque
1279 2869 1687 2946 municipibus
1723 2877 1784 2932 et
1806 2869 2210 2945 Arpinatibus
2235 2867 2298 2929 C.

338 2949 621 3012 Valerius
642 2951 855 3026 Tappo
886 2951 1159 3015 tribunus
1190 2953 1388 3029 plebis
1419 2953 1840 3030 promulgavit,
1880 2958 1947 3012 ut
1975 2952 2050 3012 iis
2080 2951 2300 3013 suffra·

338 3033 419 3106 gii
450 3034 591 3094 latio
612 3068 699 3080 —-
728 3051 867 3095 nam
897 3041 1077 3096 antea
1118 3035 1252 3098 sine
1293 3035 1587 3114 suffragio
1629 3037 1968 3097 habuerant
1997 3036 2304 3098 civitatem

338 3147 424 3159 -
452 3125 640 3178 esset.
683 3117 827 3180 huic
854 3120 1153 3195 rogationi
1185 3128 1470 3197 quattuor
1501 3119 1723 3183 tribuni
1753 3120 1972 3196 plebiS,
2004 3121 2148 3193 quia
2176 3135 2301 3181 non

340 3214 417 3258 ex
448 3201 802 3263 auctoritate
830 3209 1080 3264 senatus
1112 3206 1385 3278 serretur,
1428 3219 1564 3265 cum
1593 3203 2055 3276 intercederent,
2099 3203 2304 3262 edocti

342 3284 553 3359 populi
577 3300 749 3358 esse,
792 3301 914 3346 non
956 3295 1205 3348 senatus
1240 3287 1335 3346 ius
1366 3286 1721 3361 suffragium
1763 3285 1988 3362 quibus
2017 3285 2168 3346 velit
2195 3285 2302 3344 im·

343 3367 596 3442 pertire,
652 3368 1007 3430 destiterunt
1048 3369 1315 3445 incepto.
1384 3369 1619 3447 rogatio
1664 3369 1900 3444 perlata
1948 3373 2072 3441 est,
2123 3373 2192 3426 ut
2225 3368 2299 3426 'in

341 3448 600 3510 Aemilia
628 3452 786 3512 tribu
812 3452 1115 3512 Formiani
1148 3462 1211 3516 et
1234 3452 1529 3528 Fundani,
1570 3453 1629 3513 in
1662 3451 1940 3514 Cornelia
1967 3449 2306 3528 Arpinates
