<?xml version="1.0" encoding="UTF-8"?>
<!DOCTYPE html PUBLIC "-//W3C//DTD XHTML 1.0 Transitional//EN"
    "http://www.w3.org/TR/xhtml1/DTD/xhtml1-transitional.dtd">
<html xmlns="http://www.w3.org/1999/xhtml" xml:lang="en" lang="en">
 <head>
  <title>
</title>
<meta http-equiv="Content-Type" content="text/html;charset=utf-8" />
  <meta name='ocr-system' content='tesseract 3.04.00' />
  <meta name='ocr-capabilities' content='ocr_page ocr_carea ocr_par ocr_line ocrx_word'/>
</head>
<body>
  <div class='ocr_page' id='page_1' title='image "./aburbeconditali14livygoog_0127.png"; bbox 0 0 2548 3950; ppageno 0'>
   <div class='ocr_carea' id='block_1_1' title="bbox 387 265 2067 339">
    <p class='ocr_par' dir='ltr' id='par_1_1' title="bbox 387 265 2067 339">
     <span class='ocr_line' id='line_1_1' title="bbox 387 265 2067 339; baseline -0.007 -2"><span class='ocrx_word' id='word_1_1' title='bbox 387 275 509 337; x_wconf 88' lang='grc'><strong>100</strong></span> <span class='ocrx_word' id='word_1_2' title='bbox 662 269 893 330; x_wconf 86' lang='lat' dir='ltr'><strong>LIBER</strong></span> <span class='ocrx_word' id='word_1_3' title='bbox 920 267 1184 329; x_wconf 85' lang='lat' dir='ltr'>XXXIII.</span> <span class='ocrx_word' id='word_1_4' title='bbox 1230 265 1396 326; x_wconf 87' lang='lat' dir='ltr'>CAP.</span> <span class='ocrx_word' id='word_1_5' title='bbox 1427 273 1513 329; x_wconf 85' lang='lat'><strong>19.</strong></span> <span class='ocrx_word' id='word_1_6' title='bbox 1543 275 1631 328; x_wconf 75' lang='lat'><strong>20.</strong></span> <span class='ocrx_word' id='word_1_7' title='bbox 1676 270 1751 339; x_wconf 78' lang='lat' dir='ltr'><strong>[a.</strong></span> <span class='ocrx_word' id='word_1_8' title='bbox 1771 269 1845 323; x_wconf 89' lang='lat' dir='ltr'><strong>U.</strong></span> <span class='ocrx_word' id='word_1_9' title='bbox 1867 287 1918 322; x_wconf 82' lang='lat' dir='ltr'><strong>c.</strong></span> <span class='ocrx_word' id='word_1_10' title='bbox 1937 270 2067 338; x_wconf 81' lang='lat'>5551</span> 
     </span>
    </p>
   </div>
   <div class='ocr_carea' id='block_1_2' title="bbox 377 417 2364 3612">
    <p class='ocr_par' dir='ltr' id='par_1_2' title="bbox 377 417 2358 832">
     <span class='ocr_line' id='line_1_2' title="bbox 379 417 2357 502; baseline -0.004 -12"><span class='ocrx_word' id='word_1_11' title='bbox 379 443 525 490; x_wconf 86' lang='lat' dir='ltr'><strong>num</strong></span> <span class='ocrx_word' id='word_1_12' title='bbox 544 424 607 487; x_wconf 88' lang='lat' dir='ltr'><strong>in</strong></span> <span class='ocrx_word' id='word_1_13' title='bbox 629 423 889 502; x_wconf 89' lang='lat' dir='ltr'><strong>proelio,</strong></span> <span class='ocrx_word' id='word_1_14' title='bbox 911 420 1105 482; x_wconf 84' lang='lat' dir='ltr'><strong>maior</strong></span> <span class='ocrx_word' id='word_1_15' title='bbox 1128 418 1420 494; x_wconf 85' lang='lat' dir='ltr'><strong>cupidine</strong></span> <span class='ocrx_word' id='word_1_16' title='bbox 1443 417 1785 493; x_wconf 85' lang='lat' dir='ltr'><strong>praedandi</strong></span> <span class='ocrx_word' id='word_1_17' title='bbox 1807 419 2012 494; x_wconf 80' lang='lat' dir='ltr'><strong>palata</strong></span> <span class='ocrx_word' id='word_1_18' title='bbox 2033 434 2153 494; x_wconf 89' lang='lat' dir='ltr'><strong>per</strong></span> <span class='ocrx_word' id='word_1_19' title='bbox 2163 433 2357 495; x_wconf 81' lang='lat' dir='ltr'><strong>agros</strong></span> 
     </span>
     <span class='ocr_line' id='line_1_3' title="bbox 379 501 2356 584; baseline -0.005 -10"><span class='ocrx_word' id='word_1_20' title='bbox 379 525 568 574; x_wconf 81' lang='lat' dir='ltr'><strong>caesa</strong></span> <span class='ocrx_word' id='word_1_21' title='bbox 584 516 711 570; x_wconf 82' lang='lat' dir='ltr'><strong>est.</strong></span> <span class='ocrx_word' id='word_1_22' title='bbox 754 505 983 584; x_wconf 87' lang='lat' dir='ltr'><strong>quibus</strong></span> <span class='ocrx_word' id='word_1_23' title='bbox 1012 507 1159 580; x_wconf 86' lang='lat' dir='ltr'><strong>fuga</strong></span> <span class='ocrx_word' id='word_1_24' title='bbox 1185 503 1248 563; x_wconf 89' lang='lat' dir='ltr'><strong>in</strong></span> <span class='ocrx_word' id='word_1_25' title='bbox 1280 501 1574 578; x_wconf 82' lang='lat' dir='ltr'><strong>expedito</strong></span> <span class='ocrx_word' id='word_1_26' title='bbox 1605 501 1746 576; x_wconf 77' lang='lat' dir='ltr'><strong>fuit,</strong></span> <span class='ocrx_word' id='word_1_27' title='bbox 1777 517 1856 563; x_wconf 90' lang='lat' dir='ltr'><strong>ne</strong></span> <span class='ocrx_word' id='word_1_28' title='bbox 1885 510 2186 579; x_wconf 88' lang='lat' dir='ltr'><strong>temptato</strong></span> <span class='ocrx_word' id='word_1_29' title='bbox 2220 503 2356 580; x_wconf 88' lang='lat' dir='ltr'><strong>qui-</strong></span> 
     </span>
     <span class='ocr_line' id='line_1_4' title="bbox 379 585 2356 668; baseline -0.005 -11"><span class='ocrx_word' id='word_1_30' title='bbox 379 597 523 657; x_wconf 76' lang='lat' dir='ltr'><strong>dem</strong></span> <span class='ocrx_word' id='word_1_31' title='bbox 542 607 703 656; x_wconf 74' lang='lat' dir='ltr'><strong>teasu</strong></span> <span class='ocrx_word' id='word_1_32' title='bbox 733 606 981 668; x_wconf 80' lang='lat' dir='ltr'>pugnae</span> <span class='ocrx_word' id='word_1_33' title='bbox 1008 588 1069 648; x_wconf 90' lang='lat' dir='ltr'><strong>in</strong></span> <span class='ocrx_word' id='word_1_34' title='bbox 1097 589 1258 649; x_wconf 83' lang='lat' dir='ltr'><strong>¹fines</strong></span> <span class='ocrx_word' id='word_1_35' title='bbox 1287 603 1438 648; x_wconf 89' lang='lat' dir='ltr'><strong>suos</strong></span> <span class='ocrx_word' id='word_1_36' title='bbox 1456 585 1798 648; x_wconf 79' lang='lat' dir='ltr'><strong>redierunt.</strong></span> <span class='ocrx_word' id='word_1_37' title='bbox 1843 602 1920 647; x_wconf 88' lang='lat' dir='ltr'><strong>ea</strong></span> <span class='ocrx_word' id='word_1_38' title='bbox 1947 601 2074 648; x_wconf 87' lang='lat' dir='ltr'><strong>una</strong></span> <span class='ocrx_word' id='word_1_39' title='bbox 2095 587 2356 663; x_wconf 82' lang='lat' dir='ltr'><strong>expedi-</strong></span> 
     </span>
     <span class='ocr_line' id='line_1_5' title="bbox 377 669 2358 753; baseline -0.005 -11"><span class='ocrx_word' id='word_1_40' title='bbox 377 679 547 742; x_wconf 81' lang='lat' dir='ltr'><strong>tione</strong></span> <span class='ocrx_word' id='word_1_41' title='bbox 573 691 700 740; x_wconf 89' lang='lat' dir='ltr'><strong>non</strong></span> <span class='ocrx_word' id='word_1_42' title='bbox 724 672 1105 753; x_wconf 83' lang='lat' dir='ltr'><strong>proreliquo</strong></span> <span class='ocrx_word' id='word_1_43' title='bbox 1139 679 1302 734; x_wconf 91' lang='lat' dir='ltr'><strong>statu</strong></span> <span class='ocrx_word' id='word_1_44' title='bbox 1331 674 1610 734; x_wconf 78' lang='lat' dir='ltr'><strong>fortunae</strong></span> <span class='ocrx_word' id='word_1_45' title='bbox 1632 673 1795 732; x_wconf 81' lang='lat' dir='ltr'><strong>faeta</strong></span> <span class='ocrx_word' id='word_1_46' title='bbox 1815 669 2066 731; x_wconf 81' lang='lat' dir='ltr'><strong>refectis</strong></span> <span class='ocrx_word' id='word_1_47' title='bbox 2098 687 2358 734; x_wconf 88' lang='lat' dir='ltr'><strong>suorum</strong></span> 
     </span>
     <span class='ocr_line' id='line_1_6' title="bbox 379 754 1592 832; baseline -0.007 -8"><span class='ocrx_word' id='word_1_48' title='bbox 379 762 601 824; x_wconf 84' lang='lat' dir='ltr'><strong>animis</strong></span> <span class='ocrx_word' id='word_1_49' title='bbox 628 756 1134 822; x_wconf 75' lang='lat' dir='ltr'><strong>Thessalonicam</strong></span> <span class='ocrx_word' id='word_1_50' title='bbox 1165 771 1311 817; x_wconf 82' lang='lat' dir='ltr'><strong>sese</strong></span> <span class='ocrx_word' id='word_1_51' title='bbox 1337 754 1592 832; x_wconf 85' lang='lat' dir='ltr'><strong>recepit.</strong></span> 
     </span>
    </p>

    <p class='ocr_par' dir='ltr' id='par_1_3' title="bbox 380 838 2358 2505">
     <span class='ocr_line' id='line_1_7' title="bbox 542 838 2356 919; baseline -0.004 -12"><span class='ocrx_word' id='word_1_52' title='bbox 542 847 683 907; x_wconf 79' lang='lat' dir='ltr'><strong>‘Non</strong></span> <span class='ocrx_word' id='word_1_53' title='bbox 707 853 831 906; x_wconf 86' lang='lat' dir='ltr'><strong>tam</strong></span> <span class='ocrx_word' id='word_1_54' title='bbox 851 842 915 903; x_wconf 89' lang='lat' dir='ltr'><strong>in</strong></span> <span class='ocrx_word' id='word_1_55' title='bbox 937 851 1215 919; x_wconf 86' lang='lat' dir='ltr'><strong>tempore</strong></span> <span class='ocrx_word' id='word_1_56' title='bbox 1228 840 1526 901; x_wconf 81' lang='lat' dir='ltr'><strong>Punicum</strong></span> <span class='ocrx_word' id='word_1_57' title='bbox 1545 840 1773 902; x_wconf 85' lang='lat' dir='ltr'><strong>bellurn</strong></span> <span class='ocrx_word' id='word_1_58' title='bbox 1797 838 2194 900; x_wconf 83' lang='lat' dir='ltr'><strong>terminatum</strong></span> <span class='ocrx_word' id='word_1_59' title='bbox 2207 848 2356 914; x_wconf 86' lang='lat' dir='ltr'><strong>erat,</strong></span> 
     </span>
     <span class='ocr_line' id='line_1_8' title="bbox 380 923 2355 1002; baseline -0.005 -10"><span class='ocrx_word' id='word_1_60' title='bbox 380 929 663 992; x_wconf 76' lang='lat' dir='ltr'><strong>nesimul</strong></span> <span class='ocrx_word' id='word_1_61' title='bbox 688 937 748 990; x_wconf 88' lang='lat' dir='ltr'><strong>et</strong></span> <span class='ocrx_word' id='word_1_62' title='bbox 766 943 905 989; x_wconf 88' lang='lat' dir='ltr'><strong>cum</strong></span> <span class='ocrx_word' id='word_1_63' title='bbox 916 925 1197 1002; x_wconf 87' lang='lat' dir='ltr'><strong>Philippo</strong></span> <span class='ocrx_word' id='word_1_64' title='bbox 1216 927 1382 986; x_wconf 68' lang='lat' dir='ltr'><strong>foret</strong></span> <span class='ocrx_word' id='word_1_65' title='bbox 1400 923 1772 996; x_wconf 83' lang='lat' dir='ltr'><strong>bellandum,</strong></span> <span class='ocrx_word' id='word_1_66' title='bbox 1801 937 1985 999; x_wconf 87' lang='lat' dir='ltr'><strong>quam</strong></span> <span class='ocrx_word' id='word_1_67' title='bbox 1999 931 2355 999; x_wconf 76' lang='lat' dir='ltr'>opportune</span> 
     </span>
     <span class='ocr_line' id='line_1_9' title="bbox 380 1005 2355 1089; baseline -0.004 -12"><span class='ocrx_word' id='word_1_68' title='bbox 380 1016 503 1078; x_wconf 87' lang='lat' dir='ltr'><strong>iam</strong></span> <span class='ocrx_word' id='word_1_69' title='bbox 521 1012 839 1076; x_wconf 52' lang='lat' dir='ltr'><strong>‘Antiocho</strong></span> <span class='ocrx_word' id='word_1_70' title='bbox 868 1009 1476 1089; x_wconf 74' lang='lat' dir='ltr'><strong>exSyriamovente</strong></span> <span class='ocrx_word' id='word_1_71' title='bbox 1503 1009 1732 1069; x_wconf 89' lang='lat' dir='ltr'><strong>bellum</strong></span> <span class='ocrx_word' id='word_1_72' title='bbox 1757 1005 2080 1083; x_wconf 82' lang='lat' dir='ltr'>Philippus</span> <span class='ocrx_word' id='word_1_73' title='bbox 2121 1015 2224 1069; x_wconf 85' lang='lat' dir='ltr'><strong>est</strong></span> <span class='ocrx_word' id='word_1_74' title='bbox 2255 1025 2355 1070; x_wconf 91' lang='lat' dir='ltr'><strong>su-</strong></span> 
     </span>
     <span class='ocr_line' id='line_1_10' title="bbox 381 1090 2352 1178; baseline -0.005 -17"><span class='ocrx_word' id='word_1_75' title='bbox 381 1107 666 1178; x_wconf 79' lang='lat' dir='ltr'><strong>peratus:</strong></span> <span class='ocrx_word' id='word_1_76' title='bbox 718 1111 859 1157; x_wconf 85' lang='lat' dir='ltr'><strong>nam</strong></span> <span class='ocrx_word' id='word_1_77' title='bbox 902 1102 1341 1170; x_wconf 80' lang='lat' dir='ltr'><strong>praeterquam</strong></span> <span class='ocrx_word' id='word_1_78' title='bbox 1383 1092 1556 1168; x_wconf 88' lang='lat' dir='ltr'><strong>quod</strong></span> <span class='ocrx_word' id='word_1_79' title='bbox 1597 1090 1840 1152; x_wconf 76' lang='lat' dir='ltr'><strong>facilius</strong></span> <span class='ocrx_word' id='word_1_80' title='bbox 1869 1107 2026 1152; x_wconf 76' lang='lat' dir='ltr'><strong>¹eum</strong></span> <span class='ocrx_word' id='word_1_81' title='bbox 2057 1090 2352 1168; x_wconf 57' lang='lat' dir='ltr'><strong>singulis</strong></span> 
     </span>
     <span class='ocr_line' id='line_1_11' title="bbox 384 1174 2358 1260; baseline -0.004 -16"><span class='ocrx_word' id='word_1_82' title='bbox 384 1199 570 1260; x_wconf 86' lang='lat' dir='ltr'><strong>quam</strong></span> <span class='ocrx_word' id='word_1_83' title='bbox 599 1181 654 1244; x_wconf 87' lang='lat' dir='ltr'><strong>si</strong></span> <span class='ocrx_word' id='word_1_84' title='bbox 681 1180 744 1241; x_wconf 85' lang='lat' dir='ltr'><strong>in</strong></span> <span class='ocrx_word' id='word_1_85' title='bbox 767 1195 957 1241; x_wconf 91' lang='lat' dir='ltr'><strong>unum</strong></span> <span class='ocrx_word' id='word_1_86' title='bbox 985 1179 1165 1239; x_wconf 87' lang='lat' dir='ltr'><strong>ambo</strong></span> <span class='ocrx_word' id='word_1_87' title='bbox 1199 1176 1380 1238; x_wconf 89' lang='lat' dir='ltr'><strong>simul</strong></span> <span class='ocrx_word' id='word_1_88' title='bbox 1409 1176 1816 1238; x_wconf 86' lang='lat' dir='ltr'><strong>contulissent</strong></span> <span class='ocrx_word' id='word_1_89' title='bbox 1839 1174 2026 1249; x_wconf 87' lang='lat' dir='ltr'><strong>vires,</strong></span> <span class='ocrx_word' id='word_1_90' title='bbox 2059 1175 2358 1238; x_wconf 86' lang='lat' dir='ltr'><strong>bellatum</strong></span> 
     </span>
     <span class='ocr_line' id='line_1_12' title="bbox 383 1261 2358 1341; baseline -0.004 -12"><span class='ocrx_word' id='word_1_91' title='bbox 383 1275 498 1339; x_wconf 89' lang='lat' dir='ltr'><strong>est,</strong></span> <span class='ocrx_word' id='word_1_92' title='bbox 528 1261 829 1341; x_wconf 80' lang='lat' dir='ltr'><strong>Hispania</strong></span> <span class='ocrx_word' id='word_1_93' title='bbox 857 1278 1110 1339; x_wconf 89' lang='lat' dir='ltr'><strong>quoque</strong></span> <span class='ocrx_word' id='word_1_94' title='bbox 1138 1262 1253 1322; x_wconf 87' lang='lat' dir='ltr'><strong>sub</strong></span> <span class='ocrx_word' id='word_1_95' title='bbox 1285 1261 1447 1323; x_wconf 90' lang='lat' dir='ltr'><strong>idem</strong></span> <span class='ocrx_word' id='word_1_96' title='bbox 1469 1269 1711 1337; x_wconf 87' lang='lat' dir='ltr'><strong>tempus</strong></span> <span class='ocrx_word' id='word_1_97' title='bbox 1730 1276 1960 1336; x_wconf 80' lang='lat' dir='ltr'><strong>magno</strong></span> <span class='ocrx_word' id='word_1_98' title='bbox 1989 1261 2258 1322; x_wconf 83' lang='lat' dir='ltr'><strong>tmnultu</strong></span> <span class='ocrx_word' id='word_1_99' title='bbox 2279 1261 2358 1321; x_wconf 84' lang='lat' dir='ltr'><strong>ad</strong></span> 
     </span>
     <span class='ocr_line' id='line_1_13' title="bbox 382 1343 2356 1421; baseline -0.004 -8"><span class='ocrx_word' id='word_1_100' title='bbox 382 1345 1045 1414; x_wconf 64' lang='lat' dir='ltr'><strong>bellum-consurreidt.</strong></span> <span class='ocrx_word' id='word_1_101' title='bbox 1114 1345 1458 1407; x_wconf 82' lang='lat' dir='ltr'><strong>Antiochus</strong></span> <span class='ocrx_word' id='word_1_102' title='bbox 1490 1361 1629 1406; x_wconf 88' lang='lat' dir='ltr'><strong>cum</strong></span> <span class='ocrx_word' id='word_1_103' title='bbox 1657 1343 2130 1421; x_wconf 85' lang='lat' dir='ltr'><strong>priore·aestate</strong></span> <span class='ocrx_word' id='word_1_104' title='bbox 2162 1345 2356 1406; x_wconf 83' lang='lat' dir='ltr'><strong>omni-</strong></span> 
     </span>
     <span class='ocr_line' id='line_1_14' title="bbox 382 1428 2356 1512; baseline -0.004 -15"><span class='ocrx_word' id='word_1_105' title='bbox 382 1439 504 1498; x_wconf 90' lang='lat' dir='ltr'><strong>bus</strong></span> <span class='ocrx_word' id='word_1_106' title='bbox 536 1433 788 1512; x_wconf 86' lang='lat' dir='ltr'><strong>quaein</strong></span> <span class='ocrx_word' id='word_1_107' title='bbox 819 1431 1003 1494; x_wconf 87' lang='lat' dir='ltr'><strong>Coele</strong></span> <span class='ocrx_word' id='word_1_108' title='bbox 1034 1430 1217 1510; x_wconf 80' lang='lat' dir='ltr'><strong>Syria</strong></span> <span class='ocrx_word' id='word_1_109' title='bbox 1244 1440 1391 1492; x_wconf 88' lang='lat' dir='ltr'><strong>sunt</strong></span> <span class='ocrx_word' id='word_1_110' title='bbox 1420 1428 1768 1491; x_wconf 79' lang='lat' dir='ltr'><strong>civitatibus</strong></span> <span class='ocrx_word' id='word_1_111' title='bbox 1798 1445 1880 1490; x_wconf 86' lang='lat' dir='ltr'><strong>ex</strong></span> <span class='ocrx_word' id='word_1_112' title='bbox 1905 1428 2246 1491; x_wconf 83' lang='lat' dir='ltr'><strong>Ptolemaei</strong></span> <span class='ocrx_word' id='word_1_113' title='bbox 2269 1428 2356 1490; x_wconf 91' lang='lat' dir='ltr'><strong>di-</strong></span> 
     </span>
     <span class='ocr_line' id='line_1_15' title="bbox 386 1511 2357 1592; baseline -0.004 -12"><span class='ocrx_word' id='word_1_114' title='bbox 386 1520 566 1581; x_wconf 82' lang='lat' dir='ltr'><strong>cione</strong></span> <span class='ocrx_word' id='word_1_115' title='bbox 594 1519 659 1578; x_wconf 89' lang='lat' dir='ltr'><strong>in</strong></span> <span class='ocrx_word' id='word_1_116' title='bbox 688 1534 862 1579; x_wconf 87' lang='lat' dir='ltr'><strong>suam</strong></span> <span class='ocrx_word' id='word_1_117' title='bbox 884 1523 1263 1592; x_wconf 48' lang='lat' dir='ltr'><strong>‘potestatem</strong></span> <span class='ocrx_word' id='word_1_118' title='bbox 1281 1513 1556 1576; x_wconf 87' lang='lat' dir='ltr'><strong>redactis</strong></span> <span class='ocrx_word' id='word_1_119' title='bbox 1579 1513 1644 1573; x_wconf 89' lang='lat' dir='ltr'><strong>in</strong></span> <span class='ocrx_word' id='word_1_120' title='bbox 1671 1511 1931 1574; x_wconf 86' lang='lat' dir='ltr'><strong>hiberna</strong></span> <span class='ocrx_word' id='word_1_121' title='bbox 1959 1511 2357 1575; x_wconf 73' lang='lat' dir='ltr'><strong>Antiochiam</strong></span> 
     </span>
     <span class='ocr_line' id='line_1_16' title="bbox 386 1595 2354 1677; baseline -0.002 -13"><span class='ocrx_word' id='word_1_122' title='bbox 386 1601 837 1674; x_wconf 75' lang='lat' dir='ltr'><strong>concessisset,</strong></span> <span class='ocrx_word' id='word_1_123' title='bbox 893 1599 1081 1660; x_wconf 89' lang='lat' dir='ltr'><strong>nihilo</strong></span> <span class='ocrx_word' id='word_1_124' title='bbox 1135 1599 1440 1677; x_wconf 76' lang='lat' dir='ltr'><strong>quietiora</strong></span> <span class='ocrx_word' id='word_1_125' title='bbox 1487 1615 1564 1660; x_wconf 86' lang='lat' dir='ltr'><strong>ea</strong></span> <span class='ocrx_word' id='word_1_126' title='bbox 1611 1597 1771 1673; x_wconf 85' lang='lat' dir='ltr'><strong>ipsis</strong></span> <span class='ocrx_word' id='word_1_127' title='bbox 1817 1595 2072 1659; x_wconf 84' lang='lat' dir='ltr'><strong>aestivis</strong></span> <span class='ocrx_word' id='word_1_128' title='bbox 2119 1597 2354 1661; x_wconf 80' lang='lat' dir='ltr'><strong>habuit.</strong></span> 
     </span>
     <span class='ocr_line' id='line_1_17' title="bbox 386 1679 2357 1762; baseline -0.003 -15"><span class='ocrx_word' id='word_1_129' title='bbox 386 1685 671 1748; x_wconf 84' lang='lat' dir='ltr'><strong>omnibus</strong></span> <span class='ocrx_word' id='word_1_130' title='bbox 702 1684 865 1744; x_wconf 89' lang='lat' dir='ltr'><strong>enim</strong></span> <span class='ocrx_word' id='word_1_131' title='bbox 891 1683 1065 1758; x_wconf 81' lang='lat' dir='ltr'><strong>regni</strong></span> <span class='ocrx_word' id='word_1_132' title='bbox 1094 1683 1330 1744; x_wconf 85' lang='lat' dir='ltr'><strong>viribus</strong></span> <span class='ocrx_word' id='word_1_133' title='bbox 1361 1682 1623 1744; x_wconf 83' lang='lat' dir='ltr'><strong>conixus</strong></span> <span class='ocrx_word' id='word_1_134' title='bbox 1665 1697 1806 1743; x_wconf 84' lang='lat' dir='ltr'><strong>cum</strong></span> <span class='ocrx_word' id='word_1_135' title='bbox 1831 1679 2104 1756; x_wconf 76' lang='lat' dir='ltr'><strong>ingentis</strong></span> <span class='ocrx_word' id='word_1_136' title='bbox 2132 1683 2357 1762; x_wconf 72' lang='lat' dir='ltr'><strong>copias</strong></span> 
     </span>
     <span class='ocr_line' id='line_1_18' title="bbox 384 1764 2355 1842; baseline -0.004 -11"><span class='ocrx_word' id='word_1_137' title='bbox 384 1767 694 1831; x_wconf 83' lang='lat' dir='ltr'><strong>terrestris</strong></span> <span class='ocrx_word' id='word_1_138' title='bbox 748 1765 1207 1842; x_wconf 85' lang='lat' dir='ltr'><strong>maritimasque</strong></span> <span class='ocrx_word' id='word_1_139' title='bbox 1263 1775 1691 1842; x_wconf 83' lang='lat' dir='ltr'><strong>comparasset</strong></span> <span class='ocrx_word' id='word_1_140' title='bbox 1712 1812 1727 1839; x_wconf 92' lang='lat'>,</span> <span class='ocrx_word' id='word_1_141' title='bbox 1798 1764 2107 1842; x_wconf 89' lang='lat' dir='ltr'><strong>principio</strong></span> <span class='ocrx_word' id='word_1_142' title='bbox 2169 1767 2355 1834; x_wconf 46' lang='lat' dir='ltr'><strong>veri&amp;</strong></span> 
     </span>
     <span class='ocr_line' id='line_1_19' title="bbox 385 1848 2357 1932; baseline -0.003 -18"><span class='ocrx_word' id='word_1_143' title='bbox 385 1849 747 1932; x_wconf 85' lang='lat' dir='ltr'><strong>praemissis</strong></span> <span class='ocrx_word' id='word_1_144' title='bbox 776 1858 941 1912; x_wconf 81' lang='lat' dir='ltr'><strong>terra</strong></span> <span class='ocrx_word' id='word_1_145' title='bbox 972 1865 1110 1910; x_wconf 88' lang='lat' dir='ltr'><strong>cum</strong></span> <span class='ocrx_word' id='word_1_146' title='bbox 1138 1848 1416 1912; x_wconf 81' lang='lat' dir='ltr'><strong>exercitu</strong></span> <span class='ocrx_word' id='word_1_147' title='bbox 1443 1850 1588 1911; x_wconf 88' lang='lat' dir='ltr'><strong>filiis</strong></span> <span class='ocrx_word' id='word_1_148' title='bbox 1619 1851 1862 1913; x_wconf 90' lang='lat' dir='ltr'><strong>duobus</strong></span> <span class='ocrx_word' id='word_1_149' title='bbox 1893 1851 2109 1928; x_wconf 79' lang='lat' dir='ltr'><strong>Ardye</strong></span> <span class='ocrx_word' id='word_1_150' title='bbox 2140 1867 2220 1912; x_wconf 83' lang='lat' dir='ltr'><strong>ac</strong></span> <span class='ocrx_word' id='word_1_151' title='bbox 2246 1848 2357 1908; x_wconf 84' lang='lat' dir='ltr'><strong>Mi·</strong></span> 
     </span>
     <span class='ocr_line' id='line_1_20' title="bbox 384 1932 2358 2012; baseline -0.002 -12"><span class='ocrx_word' id='word_1_152' title='bbox 384 1937 664 2010; x_wconf 84' lang='lat' dir='ltr'><strong>thridate,</strong></span> <span class='ocrx_word' id='word_1_153' title='bbox 697 1934 1014 2012; x_wconf 84' lang='lat' dir='ltr'><strong>iussisque</strong></span> <span class='ocrx_word' id='word_1_154' title='bbox 1044 1932 1344 1997; x_wconf 86' lang='lat' dir='ltr'><strong>Sardibus</strong></span> <span class='ocrx_word' id='word_1_155' title='bbox 1375 1950 1446 1997; x_wconf 83' lang='lat' dir='ltr'><strong>se</strong></span> <span class='ocrx_word' id='word_1_156' title='bbox 1475 1934 1776 2012; x_wconf 85' lang='lat' dir='ltr'><strong>opperiri,</strong></span> <span class='ocrx_word' id='word_1_157' title='bbox 1808 1934 1947 2011; x_wconf 88' lang='lat' dir='ltr'><strong>ipse</strong></span> <span class='ocrx_word' id='word_1_158' title='bbox 1977 1950 2119 1996; x_wconf 88' lang='lat' dir='ltr'><strong>cum</strong></span> <span class='ocrx_word' id='word_1_159' title='bbox 2149 1936 2358 1997; x_wconf 83' lang='lat' dir='ltr'><strong>classe</strong></span> 
     </span>
     <span class='ocr_line' id='line_1_21' title="bbox 391 2018 2357 2097; baseline -0.002 -14"><span class='ocrx_word' id='word_1_160' title='bbox 391 2030 632 2083; x_wconf 84' lang='lat' dir='ltr'><strong>centum</strong></span> <span class='ocrx_word' id='word_1_161' title='bbox 656 2028 956 2083; x_wconf 81' lang='lat' dir='ltr'><strong>tectarum</strong></span> <span class='ocrx_word' id='word_1_162' title='bbox 985 2018 1261 2093; x_wconf 88' lang='lat' dir='ltr'><strong>navium,</strong></span> <span class='ocrx_word' id='word_1_163' title='bbox 1303 2020 1386 2080; x_wconf 89' lang='lat' dir='ltr'><strong>ad</strong></span> <span class='ocrx_word' id='word_1_164' title='bbox 1412 2020 1532 2082; x_wconf 89' lang='lat' dir='ltr'><strong>hoc</strong></span> <span class='ocrx_word' id='word_1_165' title='bbox 1551 2018 1898 2081; x_wconf 84' lang='lat' dir='ltr'><strong>levioribus</strong></span> <span class='ocrx_word' id='word_1_166' title='bbox 1928 2018 2194 2097; x_wconf 85' lang='lat' dir='ltr'><strong>navigiis</strong></span> <span class='ocrx_word' id='word_1_167' title='bbox 2225 2034 2357 2081; x_wconf 87' lang='lat' dir='ltr'><strong>cer-</strong></span> 
     </span>
     <span class='ocr_line' id='line_1_22' title="bbox 389 2103 2356 2185; baseline -0.002 -18"><span class='ocrx_word' id='word_1_168' title='bbox 389 2104 682 2185; x_wconf 79' lang='lat' dir='ltr'><strong>cyrisque</strong></span> <span class='ocrx_word' id='word_1_169' title='bbox 711 2119 784 2164; x_wconf 87' lang='lat' dir='ltr'><strong>ac</strong></span> <span class='ocrx_word' id='word_1_170' title='bbox 814 2104 1033 2165; x_wconf 87' lang='lat' dir='ltr'><strong>lembis</strong></span> <span class='ocrx_word' id='word_1_171' title='bbox 1064 2103 1376 2178; x_wconf 80' lang='lat' dir='ltr'><strong>ducentis,</strong></span> <span class='ocrx_word' id='word_1_172' title='bbox 1397 2103 1839 2180; x_wconf 79' lang='lat' dir='ltr'><strong>proficiscitur,</strong></span> <span class='ocrx_word' id='word_1_173' title='bbox 1873 2103 2054 2165; x_wconf 87' lang='lat' dir='ltr'><strong>simul</strong></span> <span class='ocrx_word' id='word_1_174' title='bbox 2081 2120 2201 2179; x_wconf 89' lang='lat' dir='ltr'><strong>per</strong></span> <span class='ocrx_word' id='word_1_175' title='bbox 2229 2119 2356 2166; x_wconf 90' lang='lat' dir='ltr'><strong>om-</strong></span> 
     </span>
     <span class='ocr_line' id='line_1_23' title="bbox 387 2186 2356 2266; baseline -0.002 -14"><span class='ocrx_word' id='word_1_176' title='bbox 387 2206 527 2252; x_wconf 87' lang='lat' dir='ltr'><strong>nem</strong></span> <span class='ocrx_word' id='word_1_177' title='bbox 558 2202 728 2252; x_wconf 83' lang='lat' dir='ltr'><strong>oram</strong></span> <span class='ocrx_word' id='word_1_178' title='bbox 758 2187 1003 2250; x_wconf 87' lang='lat' dir='ltr'><strong>Ciliciae</strong></span> <span class='ocrx_word' id='word_1_179' title='bbox 1031 2186 1390 2266; x_wconf 80' lang='lat' dir='ltr'><strong>Lyciaeque</strong></span> <span class='ocrx_word' id='word_1_180' title='bbox 1405 2197 1475 2250; x_wconf 84' lang='lat' dir='ltr'><strong>et</strong></span> <span class='ocrx_word' id='word_1_181' title='bbox 1498 2186 2135 2263; x_wconf 65' lang='lat' dir='ltr'><strong>cariaetemptatmus</strong></span> <span class='ocrx_word' id='word_1_182' title='bbox 2167 2189 2356 2249; x_wconf 87' lang='lat' dir='ltr'><strong>urbes</strong></span> 
     </span>
     <span class='ocr_line' id='line_1_24' title="bbox 388 2271 2356 2353; baseline -0.002 -16"><span class='ocrx_word' id='word_1_183' title='bbox 388 2291 550 2353; x_wconf 85' lang='lat' dir='ltr'><strong>quae</strong></span> <span class='ocrx_word' id='word_1_184' title='bbox 576 2274 641 2335; x_wconf 85' lang='lat' dir='ltr'><strong>in</strong></span> <span class='ocrx_word' id='word_1_185' title='bbox 670 2272 915 2335; x_wconf 90' lang='lat' dir='ltr'><strong>dicione</strong></span> <span class='ocrx_word' id='word_1_186' title='bbox 927 2272 1261 2335; x_wconf 85' lang='lat' dir='ltr'><strong>Ptolemaei</strong></span> <span class='ocrx_word' id='word_1_187' title='bbox 1289 2280 1519 2347; x_wconf 90' lang='lat' dir='ltr'><strong>essent,</strong></span> <span class='ocrx_word' id='word_1_188' title='bbox 1543 2271 1726 2333; x_wconf 88' lang='lat' dir='ltr'><strong>simul</strong></span> <span class='ocrx_word' id='word_1_189' title='bbox 1748 2271 2356 2348; x_wconf 65' lang='lat' dir='ltr'><strong>Philippum-nec-</strong></span> 
     </span>
     <span class='ocr_line' id='line_1_25' title="bbox 388 2355 2358 2432; baseline -0.002 -11"><span class='ocrx_word' id='word_1_190' title='bbox 388 2361 533 2421; x_wconf 88' lang='lat' dir='ltr'><strong>dum</strong></span> <span class='ocrx_word' id='word_1_191' title='bbox 572 2358 735 2419; x_wconf 83' lang='lat' dir='ltr'><strong>enlm</strong></span> <span class='ocrx_word' id='word_1_192' title='bbox 778 2358 1147 2419; x_wconf 84' lang='lat' dir='ltr'><strong>debellatum</strong></span> <span class='ocrx_word' id='word_1_193' title='bbox 1186 2366 1321 2419; x_wconf 86' lang='lat' dir='ltr'><strong>erat</strong></span> <span class='ocrx_word' id='word_1_194' title='bbox 1344 2390 1432 2405; x_wconf 92' lang='lat'><strong>—-</strong></span> <span class='ocrx_word' id='word_1_195' title='bbox 1455 2356 1734 2418; x_wconf 87' lang='lat' dir='ltr'><strong>exercitu</strong></span> <span class='ocrx_word' id='word_1_196' title='bbox 1763 2355 2156 2432; x_wconf 85' lang='lat' dir='ltr'><strong>navibusque</strong></span> <span class='ocrx_word' id='word_1_197' title='bbox 2175 2355 2358 2417; x_wconf 75' lang='lat' dir='ltr'><strong>adiu-</strong></span> 
     </span>
     <span class='ocr_line' id='line_1_26' title="bbox 386 2454 582 2505; baseline -0.02 -1"><span class='ocrx_word' id='word_1_198' title='bbox 386 2454 582 2505; x_wconf 76' lang='lat' dir='ltr'><strong>turus,</strong></span> 
     </span>
    </p>

    <p class='ocr_par' dir='ltr' id='par_1_4' title="bbox 386 2523 2364 3612">
     <span class='ocr_line' id='line_1_27' title="bbox 546 2523 2360 2601; baseline 0.001 -16"><span class='ocrx_word' id='word_1_199' title='bbox 546 2526 680 2585; x_wconf 82' lang='lat' dir='ltr'><strong>XX.</strong></span> <span class='ocrx_word' id='word_1_200' title='bbox 746 2525 940 2585; x_wconf 84' lang='lat' dir='ltr'><strong>Multa</strong></span> <span class='ocrx_word' id='word_1_201' title='bbox 980 2524 1229 2601; x_wconf 83' lang='lat' dir='ltr'><strong>egregie</strong></span> <span class='ocrx_word' id='word_1_202' title='bbox 1266 2523 1496 2586; x_wconf 82' lang='lat' dir='ltr'><strong>Rhodii</strong></span> <span class='ocrx_word' id='word_1_203' title='bbox 1537 2540 1651 2600; x_wconf 87' lang='lat' dir='ltr'><strong>pro</strong></span> <span class='ocrx_word' id='word_1_204' title='bbox 1681 2524 1819 2584; x_wconf 78' lang='lat' dir='ltr'><strong>‘fide</strong></span> <span class='ocrx_word' id='word_1_205' title='bbox 1867 2539 2015 2601; x_wconf 83' lang='lat' dir='ltr'><strong>erga</strong></span> <span class='ocrx_word' id='word_1_206' title='bbox 2041 2526 2360 2600; x_wconf 74' lang='lat' dir='ltr'><strong>populum</strong></span> 
     </span>
     <span class='ocr_line' id='line_1_28' title="bbox 390 2607 2361 2685; baseline 0 -16"><span class='ocrx_word' id='word_1_207' title='bbox 390 2610 733 2669; x_wconf 80' lang='lat' dir='ltr'><strong>Romanum</strong></span> <span class='ocrx_word' id='word_1_208' title='bbox 762 2624 1003 2685; x_wconf 85' lang='lat' dir='ltr'><strong>proque</strong></span> <span class='ocrx_word' id='word_1_209' title='bbox 1032 2608 1322 2670; x_wconf 87' lang='lat' dir='ltr'><strong>universo</strong></span> <span class='ocrx_word' id='word_1_210' title='bbox 1351 2607 1598 2670; x_wconf 90' lang='lat' dir='ltr'><strong>nomine</strong></span> <span class='ocrx_word' id='word_1_211' title='bbox 1635 2608 2009 2671; x_wconf 83' lang='lat' dir='ltr'><strong>Graecorum</strong></span> <span class='ocrx_word' id='word_1_212' title='bbox 2037 2615 2206 2670; x_wconf 86' lang='lat' dir='ltr'><strong>terra</strong></span> <span class='ocrx_word' id='word_1_213' title='bbox 2231 2625 2361 2673; x_wconf 86' lang='lat' dir='ltr'><strong>ma·</strong></span> 
     </span>
     <span class='ocr_line' id='line_1_29' title="bbox 387 2690 2361 2769; baseline 0.002 -17"><span class='ocrx_word' id='word_1_214' title='bbox 387 2692 569 2768; x_wconf 85' lang='lat' dir='ltr'><strong>rique</strong></span> <span class='ocrx_word' id='word_1_215' title='bbox 595 2690 733 2753; x_wconf 89' lang='lat' dir='ltr'><strong>ausi</strong></span> <span class='ocrx_word' id='word_1_216' title='bbox 764 2699 933 2753; x_wconf 73' lang='lat' dir='ltr'><strong>sunt:</strong></span> <span class='ocrx_word' id='word_1_217' title='bbox 972 2691 1124 2752; x_wconf 89' lang='lat' dir='ltr'><strong>nihil</strong></span> <span class='ocrx_word' id='word_1_218' title='bbox 1151 2692 1642 2769; x_wconf 69' lang='lat' dir='ltr'><strong>magnificentius</strong></span> <span class='ocrx_word' id='word_1_219' title='bbox 1686 2708 1872 2769; x_wconf 75' lang='lat' dir='ltr'><strong>quam</strong></span> <span class='ocrx_word' id='word_1_220' title='bbox 1903 2693 2074 2769; x_wconf 90' lang='lat' dir='ltr'><strong>quod</strong></span> <span class='ocrx_word' id='word_1_221' title='bbox 2103 2709 2184 2758; x_wconf 85' lang='lat' dir='ltr'><strong>ea</strong></span> <span class='ocrx_word' id='word_1_222' title='bbox 2210 2702 2361 2755; x_wconf 82' lang='lat' dir='ltr'><strong>tem-</strong></span> 
     </span>
     <span class='ocr_line' id='line_1_30' title="bbox 389 2773 2364 2854; baseline 0 -17"><span class='ocrx_word' id='word_1_223' title='bbox 389 2783 651 2851; x_wconf 83' lang='lat' dir='ltr'><strong>pestate,</strong></span> <span class='ocrx_word' id='word_1_224' title='bbox 678 2792 807 2837; x_wconf 88' lang='lat' dir='ltr'><strong>non</strong></span> <span class='ocrx_word' id='word_1_225' title='bbox 829 2773 1020 2838; x_wconf 85' lang='lat' dir='ltr'><strong>territi</strong></span> <span class='ocrx_word' id='word_1_226' title='bbox 1044 2784 1217 2838; x_wconf 86' lang='lat' dir='ltr'><strong>tanta·</strong></span> <span class='ocrx_word' id='word_1_227' title='bbox 1228 2776 1393 2839; x_wconf 88' lang='lat' dir='ltr'><strong>mole</strong></span> <span class='ocrx_word' id='word_1_228' title='bbox 1421 2774 1792 2839; x_wconf 67' lang='lat' dir='ltr'><strong>imminentis</strong></span> <span class='ocrx_word' id='word_1_229' title='bbox 1814 2776 1978 2854; x_wconf 87' lang='lat' dir='ltr'><strong>belli,</strong></span> <span class='ocrx_word' id='word_1_230' title='bbox 2007 2779 2254 2853; x_wconf 78' lang='lat' dir='ltr'><strong>legatos</strong></span> <span class='ocrx_word' id='word_1_231' title='bbox 2281 2776 2364 2839; x_wconf 89' lang='lat' dir='ltr'><strong>ad</strong></span> 
     </span>
     <span class='ocr_line' id='line_1_31' title="bbox 388 2857 2362 2939; baseline 0.002 -20"><span class='ocrx_word' id='word_1_232' title='bbox 388 2875 598 2936; x_wconf 80' lang='lat' dir='ltr'><strong>regem</strong></span> <span class='ocrx_word' id='word_1_233' title='bbox 625 2857 941 2935; x_wconf 88' lang='lat' dir='ltr'><strong>miserunt,</strong></span> <span class='ocrx_word' id='word_1_234' title='bbox 969 2876 1049 2921; x_wconf 91' lang='lat' dir='ltr'><strong>ne</strong></span> <span class='ocrx_word' id='word_1_235' title='bbox 1080 2860 1470 2923; x_wconf 88' lang='lat' dir='ltr'><strong>Chelidonias</strong></span> <span class='ocrx_word' id='word_1_236' title='bbox 1489 2894 1578 2906; x_wconf 92' lang='lat'><strong>—-—</strong></span> <span class='ocrx_word' id='word_1_237' title='bbox 1605 2861 2090 2939; x_wconf 85' lang='lat' dir='ltr'><strong>promunturium</strong></span> <span class='ocrx_word' id='word_1_238' title='bbox 2113 2860 2362 2923; x_wconf 84' lang='lat' dir='ltr'><strong>Ciliciae</strong></span> 
     </span>
     <span class='ocr_line' id='line_1_32' title="bbox 388 2942 2360 3023; baseline 0.001 -18"><span class='ocrx_word' id='word_1_239' title='bbox 388 2951 503 3020; x_wconf 80' lang='lat' dir='ltr'><strong>est,</strong></span> <span class='ocrx_word' id='word_1_240' title='bbox 518 2942 831 3005; x_wconf 79' lang='lat' dir='ltr'><strong>inclutum</strong></span> <span class='ocrx_word' id='word_1_241' title='bbox 844 2944 1113 3006; x_wconf 67' lang='lat' dir='ltr'><strong>foedere</strong></span> <span class='ocrx_word' id='word_1_242' title='bbox 1140 2944 1396 3021; x_wconf 88' lang='lat' dir='ltr'><strong>antiquo</strong></span> <span class='ocrx_word' id='word_1_243' title='bbox 1425 2944 1896 3009; x_wconf 79' lang='lat' dir='ltr'><strong>Atheniensium</strong></span> <span class='ocrx_word' id='word_1_244' title='bbox 1937 2962 2078 3008; x_wconf 85' lang='lat' dir='ltr'><strong>cum</strong></span> <span class='ocrx_word' id='word_1_245' title='bbox 2104 2944 2360 3023; x_wconf 83' lang='lat' dir='ltr'><strong>regibus</strong></span> 
     </span>
     <span class='ocr_line' id='line_1_33' title="bbox 386 3028 2361 3105; baseline 0.001 -15"><span class='ocrx_word' id='word_1_246' title='bbox 386 3030 712 3091; x_wconf 83' lang='lat' dir='ltr'><strong>Persarum</strong></span> <span class='ocrx_word' id='word_1_247' title='bbox 737 3060 822 3074; x_wconf 92' lang='lat'><strong>—-</strong></span> <span class='ocrx_word' id='word_1_248' title='bbox 848 3036 1191 3105; x_wconf 82' lang='lat' dir='ltr'><strong>superaret.</strong></span> <span class='ocrx_word' id='word_1_249' title='bbox 1237 3029 1294 3090; x_wconf 89' lang='lat' dir='ltr'><strong>si</strong></span> <span class='ocrx_word' id='word_1_250' title='bbox 1317 3046 1392 3091; x_wconf 91' lang='lat' dir='ltr'><strong>eo</strong></span> <span class='ocrx_word' id='word_1_251' title='bbox 1415 3030 1542 3091; x_wconf 86' lang='lat' dir='ltr'><strong>fine</strong></span> <span class='ocrx_word' id='word_1_252' title='bbox 1568 3047 1693 3092; x_wconf 91' lang='lat' dir='ltr'><strong>non</strong></span> <span class='ocrx_word' id='word_1_253' title='bbox 1723 3028 2066 3093; x_wconf 84' lang='lat' dir='ltr'><strong>contineret</strong></span> <span class='ocrx_word' id='word_1_254' title='bbox 2093 3032 2361 3093; x_wconf 85' lang='lat' dir='ltr'><strong>classem</strong></span> 
     </span>
     <span class='ocr_line' id='line_1_34' title="bbox 390 3112 2360 3191; baseline 0 -16"><span class='ocrx_word' id='word_1_255' title='bbox 390 3112 735 3191; x_wconf 86' lang='lat' dir='ltr'><strong>copiasque</strong></span> <span class='ocrx_word' id='word_1_256' title='bbox 759 3127 944 3188; x_wconf 78' lang='lat' dir='ltr'><strong>s11aS,</strong></span> <span class='ocrx_word' id='word_1_257' title='bbox 974 3130 1050 3175; x_wconf 85' lang='lat' dir='ltr'><strong>se</strong></span> <span class='ocrx_word' id='word_1_258' title='bbox 1079 3112 1327 3175; x_wconf 90' lang='lat' dir='ltr'><strong>obviam</strong></span> <span class='ocrx_word' id='word_1_259' title='bbox 1347 3113 1582 3189; x_wconf 82' lang='lat' dir='ltr'><strong>ituros,</strong></span> <span class='ocrx_word' id='word_1_260' title='bbox 1611 3130 1738 3176; x_wconf 91' lang='lat' dir='ltr'><strong>non</strong></span> <span class='ocrx_word' id='word_1_261' title='bbox 1766 3114 1846 3177; x_wconf 81' lang='lat' dir='ltr'><strong>ab</strong></span> <span class='ocrx_word' id='word_1_262' title='bbox 1877 3114 2022 3177; x_wconf 85' lang='lat' dir='ltr'><strong>odlo</strong></span> <span class='ocrx_word' id='word_1_263' title='bbox 2051 3116 2182 3178; x_wconf 89' lang='lat' dir='ltr'><strong>ullo</strong></span> <span class='ocrx_word' id='word_1_264' title='bbox 2201 3162 2216 3189; x_wconf 91' lang='lat'><strong>,</strong></span> <span class='ocrx_word' id='word_1_265' title='bbox 2248 3114 2360 3176; x_wconf 86' lang='lat' dir='ltr'><strong>sed</strong></span> 
     </span>
     <span class='ocr_line' id='line_1_35' title="bbox 388 3196 2360 3277; baseline 0.001 -20"><span class='ocrx_word' id='word_1_266' title='bbox 388 3214 467 3258; x_wconf 91' lang='lat' dir='ltr'><strong>ne</strong></span> <span class='ocrx_word' id='word_1_267' title='bbox 496 3196 786 3273; x_wconf 80' lang='lat' dir='ltr'><strong>coniungi</strong></span> <span class='ocrx_word' id='word_1_268' title='bbox 814 3196 1264 3275; x_wconf 84' lang='lat' dir='ltr'><strong>eum‘Philippo</strong></span> <span class='ocrx_word' id='word_1_269' title='bbox 1288 3206 1645 3277; x_wconf 81' lang='lat' dir='ltr'><strong>paterentur</strong></span> <span class='ocrx_word' id='word_1_270' title='bbox 1666 3206 1728 3261; x_wconf 89' lang='lat' dir='ltr'><strong>et</strong></span> <span class='ocrx_word' id='word_1_271' title='bbox 1747 3198 2190 3276; x_wconf 84' lang='lat' dir='ltr'><strong>impedimento</strong></span> <span class='ocrx_word' id='word_1_272' title='bbox 2217 3214 2360 3261; x_wconf 89' lang='lat' dir='ltr'><strong>esse</strong></span> 
     </span>
     <span class='ocr_line' id='line_1_36' title="bbox 387 3280 2360 3359; baseline 0.002 -19"><span class='ocrx_word' id='word_1_273' title='bbox 387 3281 681 3341; x_wconf 87' lang='lat' dir='ltr'><strong>Romanis</strong></span> <span class='ocrx_word' id='word_1_274' title='bbox 711 3282 1111 3346; x_wconf 84' lang='lat' dir='ltr'><strong>liberantibus</strong></span> <span class='ocrx_word' id='word_1_275' title='bbox 1142 3280 1482 3344; x_wconf 80' lang='lat' dir='ltr'><strong>Graeciam.</strong></span> <span class='ocrx_word' id='word_1_276' title='bbox 1542 3282 1939 3346; x_wconf 80' lang='lat' dir='ltr'><strong>Coracesium</strong></span> <span class='ocrx_word' id='word_1_277' title='bbox 1969 3300 2046 3344; x_wconf 92' lang='lat' dir='ltr'><strong>eo</strong></span> <span class='ocrx_word' id='word_1_278' title='bbox 2077 3293 2360 3359; x_wconf 84' lang='lat' dir='ltr'><strong>tempore</strong></span> 
     </span>
     <span class='ocr_line' id='line_1_37' title="bbox 389 3362 2360 3448; baseline 0.003 -27"><span class='ocrx_word' id='word_1_279' title='bbox 389 3362 732 3423; x_wconf 86' lang='lat' dir='ltr'><strong>Antiochus</strong></span> <span class='ocrx_word' id='word_1_280' title='bbox 776 3366 1068 3439; x_wconf 84' lang='lat' dir='ltr'><strong>operibus</strong></span> <span class='ocrx_word' id='word_1_281' title='bbox 1113 3368 1534 3443; x_wconf 80' lang='lat' dir='ltr'><strong>oppugnabat.</strong></span> <span class='ocrx_word' id='word_1_282' title='bbox 1630 3367 1942 3448; x_wconf 74' lang='lat' dir='ltr'><strong>Zephyrio</strong></span> <span class='ocrx_word' id='word_1_283' title='bbox 1987 3375 2050 3429; x_wconf 91' lang='lat' dir='ltr'><strong>et</strong></span> <span class='ocrx_word' id='word_1_284' title='bbox 2071 3366 2260 3431; x_wconf 81' lang='lat' dir='ltr'><strong>Solis</strong></span> <span class='ocrx_word' id='word_1_285' title='bbox 2287 3374 2360 3427; x_wconf 79' lang='lat' dir='ltr'><strong>et</strong></span> 
     </span>
     <span class='ocr_line' id='line_1_38' title="bbox 392 3444 2360 3537; baseline 0.005 -36"><span class='ocrx_word' id='word_1_286' title='bbox 392 3444 848 3537; x_wconf 73' lang='lat' dir='ltr'><strong>Aphrodisiade</strong></span> <span class='ocrx_word' id='word_1_287' title='bbox 862 3456 923 3508; x_wconf 90' lang='lat' dir='ltr'><strong>et</strong></span> <span class='ocrx_word' id='word_1_288' title='bbox 936 3449 1196 3527; x_wconf 82' lang='lat' dir='ltr'><strong>Coryco,</strong></span> <span class='ocrx_word' id='word_1_289' title='bbox 1219 3458 1284 3511; x_wconf 89' lang='lat' dir='ltr'><strong>et</strong></span> <span class='ocrx_word' id='word_1_290' title='bbox 1305 3460 1596 3526; x_wconf 87' lang='lat' dir='ltr'><strong>superato</strong></span> <span class='ocrx_word' id='word_1_291' title='bbox 1610 3452 1949 3514; x_wconf 81' lang='lat' dir='ltr'><strong>Anemurio</strong></span> <span class='ocrx_word' id='word_1_292' title='bbox 1966 3468 2360 3527; x_wconf 89' lang='lat' dir='ltr'><strong>—promun-</strong></span> 
     </span>
     <span class='ocr_line' id='line_1_39' title="bbox 394 3528 2362 3612; baseline 0.004 -25"><span class='ocrx_word' id='word_1_293' title='bbox 394 3539 613 3587; x_wconf 75' lang='lat' dir='ltr'><strong>turium</strong></span> <span class='ocrx_word' id='word_1_294' title='bbox 640 3528 704 3585; x_wconf 89' lang='lat' dir='ltr'><strong>id</strong></span> <span class='ocrx_word' id='word_1_295' title='bbox 736 3544 985 3603; x_wconf 87' lang='lat' dir='ltr'><strong>quoque</strong></span> <span class='ocrx_word' id='word_1_296' title='bbox 1016 3530 1261 3592; x_wconf 83' lang='lat' dir='ltr'><strong>Ciliciae</strong></span> <span class='ocrx_word' id='word_1_297' title='bbox 1293 3543 1391 3595; x_wconf 90' lang='lat' dir='ltr'><strong>est</strong></span> <span class='ocrx_word' id='word_1_298' title='bbox 1411 3566 1494 3579; x_wconf 88' lang='lat'><strong>·—</strong></span> <span class='ocrx_word' id='word_1_299' title='bbox 1519 3535 1833 3598; x_wconf 84' lang='lat' dir='ltr'><strong>Selinunte</strong></span> <span class='ocrx_word' id='word_1_300' title='bbox 1857 3544 2132 3612; x_wconf 83' lang='lat' dir='ltr'><strong>recepto,</strong></span> <span class='ocrx_word' id='word_1_301' title='bbox 2167 3533 2362 3599; x_wconf 90' lang='lat' dir='ltr'><strong>omni-</strong></span> 
     </span>
    </p>
   </div>
  </div>
 </body>
</html>
