2548 3950
352 146 473 207 196
637 146 866 205 LIBER
896 144 1134 206 XXXV.
1181 144 1347 203 CAP.
1377 152 1463 206 24.
1494 152 1581 204 25.
1628 150 1701 217 [a.
1723 147 1793 200 U.
1816 165 1866 201 c.
1889 148 2014 213 560]

349 300 528 362 datus
561 305 673 358 est.
718 296 962 357 additur
991 297 1046 357 ei
1078 298 1156 357 de
1185 296 1370 373 plebe
1398 298 1636 373 collega
1656 296 1757 357 Μ’.
1781 296 2017 358 Acilius
2044 297 2337 361 Glabrio.—

350 389 600 458 postero
633 381 732 441 die
766 388 1080 456 praetores
1113 380 1299 440 creati
1325 380 1392 438 L.
1416 381 1713 441 Aemilius
1742 380 1967 440 Paulus
1996 381 2077 441 M.
2103 382 2319 444 Aemi·

349 468 468 530 lius
496 465 765 541 Lepidus
811 464 890 524 M.
923 464 1130 525 Iunius
1159 464 1384 525 Brutus
1424 466 1502 524 A.
1536 461 1852 525 Cornelius
1883 464 2214 525 Mammula
2247 467 2314 527 C.

353 551 555 611 Livius
591 556 650 610 et
673 549 743 609 L.
784 547 1052 623 Oppius:
1106 548 1349 622 utrique
1383 562 1597 607 eorum
1630 547 1935 609 Salinator
1966 564 2315 623 cognomen

351 643 503 701 crem
561 633 793 709 Oppius
821 633 874 693 is
905 639 1064 706 erat,
1113 632 1216 706 qui
1247 635 1512 693 classem
1542 630 1750 706 viginti
1780 630 2025 692 navium
2062 632 2123 691 in
2156 631 2316 694 Sici-

353 723 487 777 liam
519 721 792 777 duxerat.
853 715 1088 776 interim
1132 717 1274 775 dum
1318 714 1465 777 novi
1508 715 1901 791 magistratus
1945 718 2317 779 sortirentur

352 801 730 877 provinciaS,
774 799 852 859 M.
884 799 1153 860 Baebius
1185 816 1222 860 a
1247 798 1577 859 Brundisio
1621 814 1756 859 cum
1794 799 2077 861 omnibus
2109 799 2315 876 copiis

351 887 607 945 trsmsire
644 884 703 944 in
734 883 984 959 Epirum
1011 889 1107 944 est
1134 882 1344 945 iussus
1372 889 1435 944 et
1461 881 1624 943 circa
1654 884 2049 958 Apolloniam
2091 884 2313 959 copias

351 971 697 1037 continere3
742 981 801 1028 et
828 968 908 1027 Μ.
941 967 1155 1027 Fulvio
1189 966 1457 1043 praetori
1490 965 1720 1028 urbano
1756 967 2067 1042 negotium
2100 968 2314 1029 datum

349 1063 465 1125 cst,
507 1063 567 1113 ut
597 1052 1068 1127 quinqueremes
1100 1068 1300 1113 novas
1339 1049 1781 1125 quinquaginta
1812 1051 2058 1111 faceret.

519 1137 700 1195 XXV.
741 1136 816 1195 Et
845 1135 1114 1210 populus
1150 1134 1398 1210 quidem
1428 1135 1742 1194 Romanus
1785 1136 1867 1195 ita
1896 1150 1967 1195 se
1997 1135 2078 1195 ad
2108 1136 2313 1196 omnis

349 1231 605 1281 conatus
635 1218 919 1279 Antiochi
951 1218 1375 1294 praeparabat.
1427 1217 1615 1279 Nabis
1658 1218 1777 1277 iam
1820 1234 1942 1278 non
1988 1219 2316 1281 differebat

351 1307 599 1379 bellum,
642 1304 756 1365 sed
784 1319 1024 1364 summa
1047 1303 1109 1361 vi
1141 1302 1429 1380 Gythium
1461 1303 1889 1378 oppugnabat,
1938 1310 1999 1361 et
2028 1303 2313 1365 infensus

349 1391 631 1461 Achaeis,
658 1388 827 1464 quod
849 1387 1143 1448 miserant
1165 1386 1445 1448 obsessis
1472 1386 1862 1462 praesidium,
1887 1402 2073 1462 agros
2095 1402 2314 1448 eorum

349 1475 645 1533 vastabat.
690 1472 924 1533 Achaei
954 1487 1075 1532 non
1106 1478 1289 1531 antea
1313 1470 1454 1531 ausi
1478 1484 1810 1544 capessere
1833 1470 2087 1543 bellum,
2122 1487 2314 1546 quam

351 1559 423 1615 ab
461 1559 650 1615 Roma
676 1556 1073 1617 revertissent
1098 1556 1312 1631 legati,
1349 1560 1417 1615 ut
1446 1554 1593 1629 quid
1622 1554 1859 1614 senatui
1888 1555 2159 1628 placeret
2188 1557 2312 1615 sci-

351 1649 507 1711 rent,
545 1646 684 1714 post
713 1639 968 1700 reditum
999 1641 1339 1713 legatorum
1367 1645 1430 1699 et
1459 1637 1791 1714 Sicyonem
1827 1638 2149 1698 concilium
2179 1639 2316 1698 edi-

351 1731 593 1795 xerunt,
623 1731 680 1784 et
703 1724 940 1798 legatos
967 1723 1046 1781 ad
1058 1722 1120 1781 T.
1141 1721 1483 1796 Quinctium
1507 1720 1819 1795 miserunt,
1854 1722 1957 1797 qui
1986 1720 2314 1783 consilium

349 1811 423 1865 ab
457 1827 529 1869 co
565 1812 857 1883 peterent.
909 1808 970 1866 in
1012 1806 1272 1867 concilio
1316 1804 1585 1866 omnium
1629 1806 1710 1865 ad
1737 1805 1961 1865 bellum
1998 1807 2312 1879 extemplo

351 1891 798 1967 capessendum
829 1890 1150 1953 inclinatae
1173 1889 1510 1951 sententiae
1534 1895 1734 1949 erant:
1780 1890 2013 1950 litterae
2032 1892 2097 1949 T.
2124 1887 2303 1963 Quin·

353 1977 447 2035 etii
475 1974 918 2036 cunctationem
940 1971 1293 2048 iniecerunt,
1326 1973 1548 2050 quibus
1571 1981 1787 2035 auctor
1810 1981 1940 2035 erat
1961 1981 2329 2050 praetorem*

353 2063 737 2135 classemque
777 2061 1112 2120 Romanam
1154 2059 1578 2133 exspectandi.
1639 2073 1778 2118 cum
1821 2059 2162 2134 principum
2207 2060 2310 2118 alii

351 2147 403 2199 in
451 2143 748 2205 sententia
788 2150 1243 2218 permanerent,
1296 2143 1396 2202 alii
1444 2142 1734 2202 utendum
1788 2143 1921 2203 eius
1966 2159 2143 2216 quem
2187 2143 2310 2216 ipsi

351 2228 806 2290 consuluissent
847 2227 1102 2289 consilio
1127 2233 1490 2300 censerent,
1534 2225 1853 2288 multitudo
1884 2226 2311 2302 Philopoeme-

353 2316 439 2370 nis
475 2312 833 2372 sententiam
856 2311 1274 2386 exspectabat.
1324 2316 1571 2385 praetor
1598 2310 1649 2371 is
1683 2316 1807 2371 tum
1837 2317 1996 2385 erat,
2029 2318 2089 2371 et
2110 2311 2315 2372 omnis

349 2414 419 2454 co
457 2404 730 2472 tempore
761 2403 820 2455 et
854 2395 1180 2469 prudentia
1208 2402 1270 2454 et
1297 2394 1656 2455 auctoritate
1699 2395 1984 2454 anteibat.
2043 2395 2095 2455 is
2128 2409 2314 2469 prae-

353 2482 507 2538 fatus
543 2482 697 2540 bene
729 2485 1147 2554 comparatum
1179 2479 1345 2555 apud
1374 2478 1663 2539 Achaeos
1706 2493 1879 2553 esse,
1925 2494 2002 2538 ne
2044 2485 2315 2554 praetor,

351 2582 483 2620 cum
519 2566 593 2622 de
625 2561 784 2623 bello
818 2563 1264 2638 consuluieset,
1308 2563 1444 2636 ipse
1486 2563 1849 2622 sententiam
1880 2561 2138 2636 diceret,
2185 2569 2316 2622 sta-

351 2656 517 2704 tuere
551 2662 731 2720 quam
762 2646 1022 2719 primum
1053 2647 1229 2721 ipsos
1261 2645 1411 2721 quid
1456 2648 1679 2706 vellent
1708 2645 1917 2708 iussit:
1963 2653 2316 2722 praetorem

349 2732 593 2788 decreta
623 2744 836 2789 eorum
865 2746 1002 2790 cum
1045 2729 1166 2790 fide
1196 2736 1254 2790 et
1286 2745 1433 2790 cura
1463 2736 1894 2790 exsecuturum
1925 2730 2318 2792 adnisurum-

349 2830 497 2884 que,
533 2822 623 2886 ut,
658 2819 950 2886 quantum
980 2815 1038 2872 in
1070 2813 1327 2875 consilio
1359 2813 1626 2874 humano
1665 2815 1932 2889 positum
1964 2821 2161 2888 esset,
2195 2829 2315 2874 nec

351 2898 517 2970 pacis
553 2912 659 2956 eos
690 2897 1028 2971 paeniteret
1056 2913 1171 2958 nec
1201 2897 1362 2957 belli.
1407 2898 1546 2972 plus
1579 2914 1654 2958 ea
1685 2899 1877 2959 oratio
1909 2897 2198 2962 momenti
2230 2899 2318 2957 ad

347 2982 684 3042 incitandos
727 2981 806 3040 ad
846 2981 1070 3042 bellum
1115 2979 1352 3055 habuit,
1410 2998 1593 3057 quam
1636 2983 1690 3042 si
1732 2988 1944 3059 aperte
1987 2983 2315 3044 suadendo

347 3066 735 3138 cupiditatem
764 3079 864 3124 res
893 3066 1148 3140 gerendi
1190 3063 1581 3126 ostendisset.
1640 3067 1848 3142 itaque
1889 3067 2117 3142 ingenti
2161 3081 2305 3127 con·

346 3166 533 3207 sensu
567 3149 788 3210 bellum
817 3150 1131 3210 decretum
1161 3154 1284 3222 est,
1320 3155 1558 3225 tempus
1582 3158 1642 3210 et
1664 3150 1817 3213 ratio
1844 3147 2307 3211 administrandi

345 3236 475 3292 eius
511 3234 698 3292 libera
720 3234 987 3308 praetori
1015 3233 1336 3308 permissa.
1377 3232 1842 3308 Philopoemen,
1876 3241 2309 3309 praeterquam

347 3320 511 3390 quod
555 3318 636 3376 ita
666 3315 941 3388 Quinctio
988 3318 1286 3392 placeret,
1332 3322 1392 3378 et
1435 3317 1573 3392 ipse
1613 3318 2002 3378 existimabat
2045 3319 2314 3378 classem

345 3403 677 3458 Ronmnam
730 3402 1249 3476 exspectandam,
1307 3417 1465 3475 quae
1518 3418 1555 3460 a
1604 3402 1753 3462 mari
1808 3401 2099 3479 Gythium
2154 3402 2314 3461 tueri

2542 792 2545 956 l
