2548 3950
513 172 516 174 ’
592 199 818 262 mBER
846 201 1080 262 xxxn.
1123 201 1511 264 CAP.13.14.
1559 209 1631 275 [a.
1654 208 1721 262 c.
1745 210 1869 276 198]
2122 203 2204 269 57

241 356 632 418 incendebat.
695 371 900 415 rerum
943 371 1220 429 suarum,
1276 371 1431 430 quas
1473 364 1765 431 possent,
1816 357 2203 418 ferendarum

242 457 460 502 secum
489 439 752 500 dominis
786 439 882 499 ius
911 437 1126 510 fiebat;
1177 445 1383 499 cetera
1409 440 1614 501 militis
1644 441 1877 515 praeda
1899 449 2047 502 erat.
2088 458 2205 502 nec

243 526 416 602 quod
456 523 533 582 ab
575 523 754 585 hoste
795 523 1102 584 crudelius
1142 523 1268 598 pati
1296 529 1583 599 possent,
1626 523 1845 600 reliqui
1880 525 2205 600 quicquam

243 611 376 682 fuit,
408 623 591 684 quam
625 623 784 684 quae
813 606 890 666 ab
921 608 1107 667 sociis
1133 607 1535 681 patiebantur.
1580 607 1734 668 haec
1759 608 1940 668 etiam
1961 609 2204 669 facienti

241 693 529 768 Phili-ppo
567 691 795 752 acerba
833 698 1034 764 erant,
1079 691 1194 751 sed
1236 706 1271 750 e
1300 699 1465 752 terra
1508 707 1653 753 mox
1696 691 1899 752 sutura
1938 691 2205 754 hostium

245 791 514 852 corpora
563 777 780 836 saltem
827 775 1067 850 eripere
1121 775 1434 836 sociorum
1480 776 1738 837 volebat.
1804 776 1889 836 ita
1931 784 2210 838 evastata

246 861 486 936 oppida
528 867 672 920 sunt
707 859 997 920 Phacium
1037 859 1266 920 Iresiae
1305 858 1686 936 Euhydrium
1723 860 1957 920 Eretria
1993 860 2203 921 Palae-

246 944 590 1019 pharsalus.
633 943 864 1004 Pheras
895 958 1033 1004 cum
1068 949 1319 1018 peteret,
1350 944 1661 1018 exclusus,
1694 943 1838 1018 quia
1859 958 1963 1003 res
1988 944 2208 1018 egebat

245 1039 418 1090 mor'a
439 1028 492 1088 si
514 1041 873 1102 expugnare
890 1027 1090 1098 vellet,
1123 1042 1238 1088 nec
1259 1032 1503 1101 tempus
1527 1033 1674 1102 erat,
1706 1027 1937 1088 omisso
1960 1027 2211 1102 incepto

247 1111 307 1170 in-
339 1111 766 1172 Macedoniam
804 1112 1198 1172 transcendit.
1271 1127 1411 1170 nam
1452 1111 1633 1171 etiam
1672 1111 1931 1172 Aetolos
1978 1127 2205 1186 appro-

247 1195 552 1270 pinquare
574 1196 734 1256 fama
757 1202 902 1256 erat.
949 1195 1052 1270 qui
1076 1194 1285 1256 audito
1302 1195 1564 1270 proelio,
1590 1195 1759 1271 quod
1782 1194 1945 1254 circa
1965 1211 2211 1255 amnem

247 1280 450 1340 Aoum
490 1279 714 1340 facturn
763 1287 918 1354 erat,
960 1278 1260 1354 proximis
1300 1279 1473 1353 prius
1502 1279 1793 1340 evastatis
1826 1278 1989 1338 circa
2018 1275 2205 1354 Sper-

247 1362 419 1423 chias
451 1369 512 1424 et
536 1363 786 1424 Macran
819 1379 1002 1438 quam
1029 1368 1258 1424 vocant
1285 1361 1543 1436 Comen,
1573 1363 1943 1436 transgressi
1970 1360 2113 1421 inde
2142 1363 2205 1421 in

243 1446 621 1507 Thessaliam
651 1447 939 1526 Cymines
971 1454 1030 1509 et
1056 1447 1313 1522 Angeas
1344 1445 1543 1522 primo
1580 1446 1810 1522 impetu
1839 1444 2012 1520 potiti
2042 1452 2201 1506 sunt.

244 1549 284 1590 a
309 1529 665 1608 Metnopoli‚
711 1532 858 1592 dum·
879 1538 1125 1592 vastant
1152 1545 1369 1605 agroS,
1416 1544 1723 1590 concursu
1754 1529 2211 1606 oppidanorum

245 1614 327 1674 ad
355 1616 586 1676 tuenda
612 1615 856 1676 moenia
885 1615 1046 1676 facto
1072 1614 1310 1689 repulsi
1338 1619 1495 1674 sunt.
1571 1613 1893 1674 Callithera
1918 1613 2063 1674 inde
2098 1615 2204 1674 ad-

243 1699 445 1773 gressi
491 1699 748 1760 similem
787 1699 1079 1774 impetum
1121 1697 1574 1773 oppidanorum
1620 1696 1991 1772 pertinacius
2020 1699 2203 1758 susti-

237 1790 540 1852 nuerunt;
593 1783 1054 1858 compulsisque
1083 1783 1241 1842 intra
1272 1782 1518 1841 moenia
1546 1782 1656 1858 qui.
1680 1788 2025 1857 eruperant,
2060 1798 2204 1841 con-

243 1867 391 1927 tenti
433 1882 510 1928 ea
547 1867 832 1940 victoria,
877 1867 1022 1942 quia
1061 1883 1208 1943 spes
1253 1867 1423 1926 nulla
1450 1865 1777 1926 admodum
1810 1865 2209 1940 expugnandi

243 1957 398 2025 erat,
451 1951 906 2013 abscesserunt.
977 1950 1248 2012 Theuma
1277 1949 1421 2010 inde
1449 1956 1512 2011 et
1538 1949 1866 2011 Calathana
1896 1949 2070 2010 vicos
2100 1963 2205 2008 ex·

243 2042 522 2111 pugnant
563 2035 993 2111 diripiuntque.
1055 2034 1366 2095 Acharras
1409 2050 1522 2110 per
1550 2033 1923 2095 deditionem
1948 2048 2201 2110 recepe·

239 2126 404 2180 runt.
454 2119 695 2197 Xyniae
725 2120 902 2181 simili
931 2124 1098 2179 metu
1127 2136 1165 2179 a
1193 2118 1529 2179 cultoribus
1561 2118 1842 2177 desertae
1872 2124 2033 2178 sunt.
2086 2116 2214 2176 hoc

244 2202 509 2267 sedibus
544 2204 675 2264 suis
722 2210 967 2264 extorre
1001 2217 1222 2277 agmen
1248 2202 1308 2260 in
1342 2200 1719 2276 praesidium
1749 2201 1989 2275 incidit,
2037 2201 2207 2276 quod

242 2288 326 2349 ad
351 2287 794 2362 Tnauniacum,
830 2302 952 2361 quo
982 2286 1168 2346 tutior
1195 2284 1581 2345 frumentatio
1612 2288 1809 2357 esset,
1842 2283 2211 2343 ducebatur=

240 2372 557 2433 incondita
584 2371 958 2447 inermisque
986 2368 1309 2429 multitudo
1335 2367 1531 2427 mixta-
1559 2382 1638 2426 ex
1666 2365 1893 2427 imbelli
1920 2366 2099 2426 turba
2126 2366 2207 2425 ab

243 2456 490 2516 armatis
522 2471 706 2517 caesa
733 2463 845 2515 est.
891 2453 1134 2533 Xyniae
1161 2453 1447 2513 desertae
1469 2450 1852 2527 diripiuntur.
1885 2449 2211 2529 Cyphaera

242 2540 388 2601 inde
427 2540 632 2600 Aeto-li-
672 2540 948 2615 capiunt,
1001 2544 1348 2613 opportune
1391 2536 1691 2611 Dolopiae
1742 2533 2061 2595 imminens
2107 2550 2206 2595 ca-

241 2626 506 2685 stellum.
571 2624 726 2683 haec
765 2623 988 2698 raptim
1020 2621 1184 2681 intra-
1206 2635 1443 2695 paucos
1476 2620 1611 2681 dies
1644 2621 1720 2680 ab
1748 2619 1987 2680 Aetolis
2013 2628 2207 2693 gesta.

241 2724 360 2769 nec
385 2707 792 2786 Amynander
819 2714 1004 2783 atque
1032 2704 1409 2765 Athamanes
1439 2712 1584 2780 post
1612 2706 1834 2766 famam
1866 2718 2213 2779 prosperae

239 2806 490 2869 pugnae
517 2792 934 2853 Romanorum
969 2789 1350 2865 quieverunt.
1392 2789 1551 2849 xlv.
1599 2795 1865 2849 ceterum
1892 2789 2209 2865 Amynan-

243 2877 355 2935 der
387 2876 538 2951 quia
562 2892 676 2937 suo
701 2874 870 2935 militi
892 2889 1110 2950 parum
1131 2872 1377 2948 fidebat,
1407 2873 1597 2948 petito
1624 2889 1660 2933 a
1681 2874 1939 2934 consule
1960 2871 2209 2932 modico

241 2958 560 3033 praesidio
605 2976 748 3021 cum
782 2958 1098 3034 Gomphos
1125 2964 1391 3033 peteret,
1435 2958 1731 3034 oppidum
1780 2950 2054 3031 protinus
2098 2970 2207 3012 no-

241 3044 404 3105 mine
429 3042 752 3117 Phaecam,
784 3044 966 3103 situm
995 3042 1151 3103 inter
1175 3042 1493 3117 Gomphos
1526 3043 1864 3115 faucesque
1893 3041 2211 3113 angustas,

245 3142 406 3203 quae
449 3127 530 3187 ab
559 3126 924 3189 Athamania
951 3109 1333 3187 Thessaliam
1375 3126 1688 3197 dirimunt,
1732 3123 1792 3181 vi
1833 3121 2011 3217 cepit.
2064 3118 2212 3179 inde

244 3210 562 3286 Gomphos
606 3212 890 3287 adortus,
935 3216 995 3270 et
1036 3225 1149 3285 per
1177 3208 1413 3284 aliquot
1441 3206 1575 3268 dies
1604 3220 1844 3267 summa
1874 3204 1935 3263 vi
1968 3210 2208 3265 tuentes

241 3295 493 3367 urbem,
539 3311 674 3355 cum
703 3295 822 3355 iam
867 3295 1068 3355 scalas
1101 3293 1181 3353 ad
1210 3292 1455 3353 moenia
1482 3289 1813 3364 erexisset,
1859 3302 1934 3349 eo
1966 3288 2209 3348 demum

241 3385 412 3440 metu
449 3379 718 3454 perpulit
763 3380 842 3438 ad
872 3376 1266 3437 deditionem.
1333 3375 1489 3435 haec
1519 3374 1761 3434 traditio
1794 3370 2211 3449 Gomphorum

239 3458 552 3538 ingentem
604 3471 898 3523 terrorem
938 3460 1252 3521 Thessalis
1292 3458 1506 3519 intulit.
1579 3457 1872 3519 dedidere
1914 3455 2213 3530 deinceps
