2548 3950
328 246 455 311 322
590 244 847 313 ,Lm-ER
874 242 1196 303 xxxvul.
1246 244 1413 303 cAP.
1443 254 1496 311 5,
1519 252 1572 308 6.
1619 250 1692 318 [a.
1718 248 1786 303 υ.
1811 250 2008 315 05⁶3]

328 400 630 459 adversus
644 394 983 474 Pyrrheum
1008 390 1198 468 erant,
1222 390 1717 477 adgrederentur,
1741 393 1962 471 etipse
1985 395 2066 454 ad
2089 402 2310 455 castra

328 484 605 541 Romana
634 486 925 540 terrorem
956 478 1199 553 faceret,
1228 494 1424 555 posse
1449 486 1620 540 ratus
1646 477 1898 555 ancipiti
1927 479 2205 551 tumultu,
2241 486 2306 540 et

331 571 513 626 nocte
544 570 808 639 augente
836 577 1151 639 pavorem,
1178 558 1634 624 memorabilem
1664 576 1794 621 rem
1821 562 1970 637 geri.
2029 570 2092 623 et
2113 562 2302 623 Nico-

331 650 549 709 damus
588 647 956 722 intempesta
996 652 1206 721 nocte,
1250 662 1390 707 cum
1426 641 1578 707 alias
1609 642 1925 708 custodias
1955 645 2304 719 fefellisset,

330 748 443 809 per
472 732 623 792 alias
652 732 884 806 impetu
914 728 1218 791 constanti
1246 730 1584 805 erupisset,
1629 736 1922 806 superato
1951 725 2206 789 brachio
2236 728 2305 789 in

330 817 543 879 urbem
572 821 878 891 penetrat,
924 812 1234 890 animique
1262 811 1749 889 aliquantum-ad
1779 813 1984 874 omnia
2009 812 2306 872 audenda

332 906 393 961 et
420 900 557 975 spei
586 896 867 959 obsessis
895 897 1148 969 adiecit;
1194 905 1255 959 et
1283 893 1465 959 simul
1494 898 1821 959 constituta
1847 912 1976 958 nox
2005 896 2190 970 venit,
2217 912 2304 955 ex

335 979 678 1059 composito
708 988 963 1057 repente
992 996 1185 1058 opera
1212 988 1311 1042 est
1338 983 1696 1059 adgressus.
1755 980 1824 1041 id
1852 980 2163 1056 inceptum
2193 994 2304 1041 co-

335 1076 481 1128 natu
517 1082 699 1142 quam
740 1064 965 1125 effectu
1005 1064 1257 1141 gravius
1301 1064 1442 1139 fuit,
1486 1064 1630 1141 quia
1667 1066 1836 1127 nulla
1871 1066 1950 1125 ab
1991 1063 2307 1123 exteriore

336 1146 509 1227 parte
536 1149 631 1209 vis
662 1149 909 1209 admota
934 1157 1048 1221 est,
1082 1164 1197 1209 seu
1224 1156 1388 1209 metu
1417 1148 1704 1211 deterrito
1737 1155 2020 1223 praetore
2046 1147 2306 1208 Aetolo-

335 1250 498 1307 rum,
542 1247 656 1293 seu
684 1231 830 1307 quia
858 1232 1065 1307 potius
1094 1231 1295 1292 visum
1325 1240 1424 1293 est
1448 1232 1873 1309 Amphilochis
1901 1246 2100 1307 nuper
2127 1246 2306 1291 rece-

334 1316 457 1393 ptis
482 1280 649 1377 ’ferre
678 1331 895 1392 opem,
935 1330 1095 1392 quos
1122 1310 1390 1377 Perseus
1417 1316 1687 1397 Philippi
1717 1316 1912 1391 flliuS‚
1958 1315 2192 1377 missus
2222 1316 2308 1375 ad

336 1400 659 1476 Dolopiam
686 1397 1258 1484 Amphilochosque
1287 1398 1700 1475 recipiendoS,
1742 1400 1982 1460 summa
2005 1396 2071 1459 vi
2098 1413 2306 1475 oppu-

337 1482 987 1560 gnabat.V1.tribus
1020 1481 1203 1557 lociS,
1245 1480 1412 1544 sicut
1449 1482 1591 1544 ante
1617 1483 1848 1544 dictum
1875 1489 2000 1558 est,
2042 1481 2128 1542 ad
2151 1482 2303 1560 Pyr

336 1568 553 1628 rheum
594 1582 788 1643 opera
812 1568 1090 1628 Romana
1130 1574 1332 1640 erant,
1376 1583 1536 1643 quae
1578 1568 1782 1644 omnia
1821 1568 2003 1627 simul
2043 1566 2161 1626 sed
2189 1581 2310 1625 nec

338 1655 638 1727 apparatu
666 1665 785 1710 nec
813 1649 875 1709 vi
904 1649 1103 1724 simili,
1133 1649 1338 1712 Aeto-li
1366 1638 1650 1725 adgressi
1677 1647 1872 1712 sunt.
1903 1648 2008 1711 alii
2038 1665 2177 1709 cum
2205 1665 2308 1709 ar-

338 1733 623 1794 dentibus
656 1730 895 1791 facibus
911 1779 926 1807 ,
968 1732 1070 1793 alii
1100 1742 1388 1809 stuppam
1420 1733 1746 1811 picemque
1775 1742 1836 1795 et
1861 1733 2186 1795 malleolos
2218 1734 2304 1794 fe·

334 1822 575 1890 rente8‚
614 1820 743 1875 tota
786 1816 1127 1876 collucente
1168 1814 1431 1875 flammis
1473 1818 1636 1892 acie,
1685 1817 2015 1878 advenere.
2075 1818 2308 1878 multos

338 1900 536 1975 primo
564 1900 797 1975 impetu
825 1898 1119 1961 custodes
1142 1900 1618 1975 oppresserunt:
1663 1902 1814 1973 dein=
1825 1908 2160 1978 postquam
2181 1902 2308 1961 cla-

338 2001 471 2046 mor
490 1985 905 2059 tumultusque
924 1983 987 2044 in
1013 1991 1215 2044 castra
1236 1990 1334 2044 est
1353 1982 1625 2060 perlatus
1642 1987 1972 2061 datumque
1991 2001 2030 2045 a
2051 1987 2312 2046 consule

341 2070 616 2142 signum,
656 2083 827 2126 arma
868 2064 1118 2142 capiunt
1156 2075 1218 2128 et
1246 2069 1530 2129 omnibus
1558 2068 1758 2145 portis
1785 2071 1866 2130 ad
1895 2082 2078 2146 opem
2103 2069 2309 2130 feren-

340 2152 479 2210 dam
516 2149 927 2211 effunduntur.
998 2167 1123 2212 uno
1151 2149 1214 2210 in
1244 2152 1386 2213 loco
1418 2152 1580 2212 ferro
1607 2152 1860 2228 ignique
1887 2159 2065 2230 gesta
2087 2168 2228 2224 res3
2273 2169 2313 2212 a

340 2234 586 2296 duobus
615 2231 783 2294 irrito
815 2231 1083 2314 incepto,
1116 2250 1255 2295 cum
1282 2240 1688 2310 temptassent
1714 2237 1912 2312 magis
1943 2253 2129 2312 quam
2155 2235 2310 2298 inis-

339 2326 477 2379 sent
506 2323 831 2391 certamen,
855 2318 1059 2379 Aetoli
1086 2317 1542 2380 abscesserunt.
1588 2319 1768 2381 atrox
1794 2335 2005 2396 pugna
2023 2321 2087 2381 in
2107 2335 2304 2382 unum

338 2401 739 2462 inclinaverat
778 2402 1000 2461 locum.
1064 2401 1148 2461 ibi
1190 2401 1455 2463 diversis
1499 2401 1776 2478 partibus
1808 2404 1930 2466 duo
1960 2404 2156 2466 duces
2181 2404 2308 2466 Eu-

338 2486 620 2560 polemus
662 2490 725 2544 et
762 2483 1136 2546 Nicodamus
1188 2486 1518 2562 pugnantis
1547 2487 1970 2548 *hortabantur
2007 2494 2068 2548 et
2107 2504 2312 2565 prope

340 2573 506 2628 certa
532 2567 826 2628 fovebant
866 2583 1013 2644 spe,
1056 2568 1177 2629 iam
1203 2568 1613 2632 Nicandrum
1601 2587 1684 2631 ex
1711 2570 2058 2648 composito
2089 2572 2312 2634 adfore

339 2658 401 2710 et
426 2660 601 2725 terga
627 2650 939 2712 hostium·
922 2667 1300 2714 invasurum.
1341 2651 1497 2714 haec
1523 2667 1628 2715 res
1659 2655 2037 2732 aliquamdiu
2062 2656 2308 2716 animos

338 2731 737 2808 pugnantium
764 2735 1083 2795 sustinuit·
1122 2743 1390 2798 ceterum
1418 2745 1752 2814 postquam
1781 2739 2012 2800 nullum
2035 2755 2114 2800 ex
2137 2755 2309 2802 com-

338 2813 545 2891 posito
596 2816 837 2890 signum
878 2833 917 2876 a
954 2819 1087 2880 suis
1134 2818 1522 2895 accipiebant
1559 2828 1622 2882 et
1659 2836 1944 2884 crescere
1984 2839 2309 2885 numerum

336 2899 608 2960 hostium
651 2900 1013 2975 cernebant,
1062 2900 1335 2964 destituti
1376 2906 1629 2980 segnius
1671 2903 1934 2976 instare,
1989 2907 2309 2984 postremo

336 2999 405 3044 re
448 2984 710 3059 omissa,
750 2983 870 3044 iam
897 2983 1004 3046 vix
1032 2991 1159 3047 tuto
1188 2995 1445 3064 receptu
1472 2989 1822 3066 fugientes
1805 3007 1866 3051 ιιι
1895 2990 2114 3052 urbem
2139 3006 2310 3052 com-

336 3068 677 3142 pellu'ntur,
728 3075 901 3144 parte
944 3084 1199 3146 operum
1239 3072 1524 3146 incensa,
1570 3081 1632 3134 et
1670 3075 1947 3150 pluribus
1987 3075 2309 3150 aliquanto

340 3166 523 3226 quam
572 3151 694 3226 ipsi
744 3152 1093 3214 ceciderant
1141 3155 1516 3217 interfectis.
1570 3157 1797 3234 quodsi
1839 3174 1919 3218 ex
1957 3159 2309 3236 composito

338 3241 474 3294 acta
503 3249 605 3294 res
638 3234 883 3310 fuisset,
931 3237 1098 3298 haud
1128 3238 1382 3300 dubium
1410 3249 1542 3302 erat
1569 3240 1912 3318 expugnari
1939 3258 2063 3304 una
2089 3239 2312 3318 utique

340 3323 511 3391 parte
540 3332 735 3392 opera
764 3334 902 3380 cum
931 3335 1154 3396 magna
1184 3324 1379 3384 caede
1404 3324 1672 3387 hostium
1700 3325 2000 3400 potuisse.
2045 3323 2308 3386 Ambra·

340 3397 583 3460 cieuses
615 3399 845 3476 quique
876 3400 1041 3464 intus
1071 3398 1245 3466 erant
1269 3405 1505 3484 Aetoli,
1534 3425 1658 3471 non
1685 3408 1765 3470 ab
1794 3407 1930 3473 eius
1961 3411 2162 3472 solum
2191 3425 2308 3470 no-

338 3481 455 3540 ctis
495 3483 739 3558 incepto
779 3499 1131 3560 recessere,
1176 3481 1291 3550 sed
1332 3491 1388 3550 in
1432 3491 1738 3568 reliquum
1781 3509 2030 3570 quoque
2057 3501 2309 3570 tempus
