2548 3950
526 198 755 259 Linea
780 197 1075 258 xxxvn.
1122 197 1402 260 mnis.
1434 207 1514 261 19.
1560 207 1631 273 [a.
1663 205 1728 263 c,
1763 207 1884 273 190]
2069 177 2200 271 277‘

227 367 400 413 mum
444 349 767 412 contendit.
840 349 921 410 ibi
953 365 1167 410 rursus
1196 351 1358 410 levia
1391 367 1500 426 per
1530 355 1930 416 excursiones
1959 357 2198 431 proelia

230 435 368 498 fieri
412 440 659 509 coepta,
698 432 971 493 Eumene
1012 449 1287 493 summae
1327 435 1415 494 rei
1438 436 1782 498 >discrimen
1813 439 1977 500 haud
2008 441 2193 500 dubie

231 522 630 580 detractante.
670 531 907 591 paucos
936 523 1081 592 post
1111 517 1243 578 dies
1265 517 1541 580 Romana
1563 519 1928 597 Rhodiaque
1952 525 2189 598 classis,

228 609 301 663 ut
340 601 470 676 regi
513 614 693 675 opem
734 600 988 674 ferrent,
1028 599 1273 662 Elaeam
1305 602 1382 663 ab
1413 599 1598 664 Samo
1627 613 1962 668 moverunt.
2031 624 2189 683 quos

228 685 339 746 ubi
370 683 741 762 exposuisse
770 683 986 758 copias
1014 683 1238 744 Elaeae
1266 691 1330 746 et
1353 691 1445 748 tot
1472 688 1707 748 classes
1737 689 1797 748 in
1829 705 2012 752 unum
2045 703 2192 752 con·

229 768 486 829 venisse
528 772 774 843 portum
805 767 1108 829 Antioc-ho
1154 769 1420 828 adlatum
1451 778 1572 844 est,
1618 779 1678 832 et
1707 772 1821 833 sub
1851 773 2013 833 idem
2041 779 2188 834 tem-

230 868 355 929 pus
385 850 616 912 audivit
644 849 960 911 consulem
985 866 1122 910 cum
1144 853 1418 913 exercitu
1439 853 1558 912 iam
1579 854 1637 913 in
1662 855 2025 917 Macedonia
2047 873 2190 920 csse

229 935 563 1012 pararique
614 949 774 1008 quae
824 935 902 994 ad
951 935 1270 994 transitum
1321 935 1700 1012 Hellesponti
1749 954 1910 1013 opus
1961 949 2189 1016 essent,

228 1027 477 1093 tempus
504 1018 754 1078 venisse
781 1025 970 1093 ratu8‚
1002 1019 1362 1094 priusquam
1389 1025 1552 1080 terra
1580 1023 1856 1097 marique
1883 1023 2058 1082 simul
2087 1041 2189 1084 ur-

234 1109 509 1178 geretur,
559 1100 781 1176 agendi
829 1103 909 1162 de
952 1117 1137 1176 pace,
1185 1103 1480 1162 tumulum
1533 1100 1838 1180 quendam
1888 1106 2190 1168 adversus

229 1187 482 1246 Elaeam
524 1184 741 1248 castris
774 1185 969 1260 cepit;
1010 1185 1094 1244 ibi
1122 1185 1396 1260 peditum
1428 1188 1706 1249 omnibus
1736 1189 1932 1264 copiis
1961 1191 2190 1252 relictis

234 1285 377 1331 cum
408 1269 676 1343 equitatu
696 1301 783 1312 —
802 1277 976 1328 erant
1002 1275 1202 1328 autem
1226 1285 1339 1330 sex
1360 1272 1524 1331 milia
1548 1273 1817 1348 equitum
1844 1274 2004 1333 -in
2029 1290 2186 1334 cam-

230 1369 355 1429 pos
386 1353 501 1412 sub
531 1353 670 1427 ipsa
695 1351 921 1412 Elaeae
946 1353 1191 1412 moenia
1218 1353 1539 1415 descendit
1565 1357 1757 1417 misso
1789 1356 2190 1418 caduceatore

230 1438 315 1498 ad
342 1436 682 1511 Aemilium,
708 1436 866 1496 velle
897 1453 967 1497 se
996 1437 1074 1496 de
1102 1450 1269 1510 pace¹
1288 1452 1489 1511 agere.
1545 1437 1700 1499 XIX.
1742 1439 2040 1500 Aemilius
2069 1441 2183 1502 Eu·

236 1535 419 1581 mene
454 1535 493 1580 a
517 1518 812 1596 Pergamo
857 1521 1083 1594 accito,
1126 1520 1414 1581 adhibitis
1455 1529 1515 1582 et
1539 1521 1822 1596 Rhodiis,
1867 1523 2190 1586 consilium

228 1604 459 1666 habuit.
514 1603 736 1664 Rhodii
764 1602 929 1663 haud
961 1604 1280 1678 aspernari
1311 1619 1558 1680 pacem,
1599 1606 1905 1668 Eumenes
1935 1622 2054 1670 nec
2079 1607 2189 1669 ho·

229 1695 475 1749 nestum
516 1701 659 1748 esse
700 1686 905 1746 dicere
942 1702 1016 1748 eo
1050 1694 1323 1763 tempore
1353 1688 1433 1750 de
1463 1702 1616 1764 pace
1643 1690 1772 1765 agi,
1813 1705 1929 1750 nec
1962 1691 2187 1755 exitum

227 1772 322 1832 rei
349 1771 580 1846 imponi
610 1785 821 1846 posse.
875 1772 1022 1846 „qui
1054 1771 1253 1830 enim“
1295 1772 1488 1848 inquit
1514 1780 1658 1849 „aut
1685 1773 1942 1835 honeste
1969 1775 2190 1836 inclusi

230 1855 553 1916 moenibus
596 1861 657 1915 et
696 1853 941 1916 obsessi
984 1855 1151 1916 velut
1190 1856 1360 1931 leges
1402 1859 1577 1931 pacis
1621 1858 2034 1934 accipiemus?
2089 1866 2194 1920 aut

234 1939 332 2000 cui
360 1945 493 1999 rata
520 1939 639 1999 ista
667 1953 790 2015 pax
820 1939 947 2011 erit,
982 1956 1163 2014 quam
1194 1940 1330 1999 sine
1361 1943 1636 2015 consule,
1665 1956 1786 2001 non
1821 1956 1898 2000 ex
1927 1943 2192 2003 auctori-

228 2029 355 2083 tate
408 2030 693 2096 senatus,
751 2039 874 2083 non
924 2021 1101 2083 iussu
1156 2024 1371 2099 populi
1419 2024 1679 2086 Romani
1734 2025 2192 2099 pepigerimus?

234 2122 465 2183 quaero
507 2106 667 2167 enim
712 2121 865 2181 pace
904 2122 1013 2180 per
1051 2113 1113 2166 te
1154 2108 1315 2165 facta
1353 2107 1740 2169 rediturusne
1783 2111 2090 2183 extemplo
2131 2110 2191 2169 in

230 2190 461 2251 ltaliam
492 2191 611 2263 sis,
647 2190 911 2251 classem
938 2189 1397 2264 exercitumque
1425 2192 1829 2265 deducturuS‚
1862 2206 1936 2250 an
1968 2206 2191 2265 exspe-

233 2280 524 2348 ctaturuS,
558 2274 707 2349 quid
735 2274 813 2333 de
842 2288 917 2332 ea
942 2288 1011 2333 re
1042 2272 1280 2333 consuli
1312 2274 1568 2348 placeat,
1599 2274 1744 2348 quid
1777 2281 2026 2335 senatus
2051 2289 2192 2334 cen-

230 2365 368 2420 seat
408 2365 514 2418 aut
553 2358 822 2432 populus
865 2356 1114 2416 iubeat?
1155 2362 1347 2417 restat
1374 2372 1521 2433 ergo
1552 2364 1619 2418 ut
1645 2372 1899 2419 maneas
1929 2356 1988 2417 in
2019 2356 2192 2433 Asia,

230 2452 293 2506 et
318 2456 536 2502 rursus
566 2441 627 2498 in
657 2439 912 2499 hiberna
950 2438 1169 2514 copiae
1195 2440 1489 2501 reductae
1519 2439 1752 2502 omisso
1775 2441 1937 2503 bello
1963 2441 2192 2502 exhau-

226 2528 390 2587 riant
411 2522 852 2585 commeatibus
876 2523 1245 2598 praebendis
1271 2522 1512 2597 socios;
1543 2522 1784 2597 deinde,
1813 2524 1864 2585 si
1889 2524 1972 2585 ita
1992 2526 2196 2587 visum

230 2610 313 2671 sit
338 2606 435 2679 iis,
465 2621 661 2681 penes
694 2623 851 2681 quos
881 2614 1159 2681 potestas
1188 2607 1388 2681 ruerit,
1418 2606 1827 2671 instauremus
1857 2624 2083 2670 novum
2115 2608 2195 2669 de

228 2694 468 2767 integro
500 2690 757 2765 bellum,
790 2692 959 2766 quod
986 2708 1356 2768 possumus,
1389 2692 1442 2752 si
1475 2708 1556 2753 ex
1583 2693 1702 2755 hoc
1729 2691 1959 2769 impetu
1986 2688 2194 2755 rer'um

133 2797 145 2803 ·
226 2773 379 2836 nihil
422 2776 786 2850 prolatando
825 2774 1173 2849 remittitur,
1215 2784 1358 2838 ante
1398 2775 1661 2839 hiemem
1691 2777 1809 2837 diis
1840 2776 2192 2839 volentibus

230 2858 629 2935 perfecisse.“
694 2859 849 2922 haec
892 2860 1195 2923 sententia
1234 2860 1411 2935 vicit,
1453 2877 1951 2939 responsumque
1976 2860 2192 2922 Antio·

232 2943 347 3003 cho
370 2974 375 2981 ·
400 2951 497 3006 est
536 2951 678 3006 ante
709 2945 984 3007 consulis
1015 2946 1346 3007 adventum
1379 2946 1459 3006 de
1490 2962 1646 3021 paee
1688 2944 1784 3020 agi
1825 2961 1945 3005 non
1982 2958 2192 3018 posse.

228 3025 573 3090 Antiochus
615 3044 774 3104 pace
813 3028 1189 3104 nequiquam
1231 3036 1556 3104 temptata,
1603 3026 1896 3088 evastatis
1937 3026 2194 3086 Elaeen-

230 3111 388 3173 sium
412 3110 693 3187 primum,
722 3110 949 3173 deinde
976 3111 1488 3188 Pergamenorum
1518 3110 1701 3186 agris,
1729 3108 1941 3169 relicto
1973 3107 2057 3168 ibi
2083 3106 2193 3169 Se·

229 3197 406 3257 leuco
460 3195 586 3257 filio
603 3241 618 3268 ‚
678 3196 1146 3273 Adramytteum
1200 3193 1503 3256 hostiliter
1556 3192 1771 3254 itinere
1829 3192 1988 3255 facto
2046 3194 2198 3268 petit

228 3294 443 3353 agrurn
472 3281 825 3354 opulentum
857 3296 1041 3355 quem
1072 3287 1294 3341 vocant
1325 3278 1566 3339 Thebes
1598 3292 1895 3353 campum,
1927 3273 2196 3338 carmine

228 3362 481 3424 Homeri
528 3362 927 3426 nobilitatum.
1000 3378 1203 3442 neque
1252 3361 1374 3423 alio
1416 3363 1541 3424 ullo
1585 3362 1723 3424 loco
1770 3359 1960 3421 Asiae
2000 3359 2193 3421 maior

230 3446 415 3523 regiis
458 3444 749 3509 militibus
792 3455 967 3524 parta
1002 3456 1097 3509 est
1138 3446 1390 3523 praeda.
1462 3445 1679 3509 eodem
1709 3444 2190 3521 Adramytteum,
