2548 3950
546 204 769 265 emma
796 204 1089 267 xxxvii.
1136 207 1302 266 cAP.
1334 215 1420 269 27.
1450 216 1536 269 28.
1581 210 1655 285 [a.
1687 216 1750 268 c.
1785 214 1907 287 190]
2073 214 2196 277 285

234 358 425 419 Teios
452 356 661 432 regiae
698 358 883 417 classi
918 356 1180 432 benigne
1210 369 1584 421 commeatus
1613 361 1994 436 praebuisse,
2025 365 2197 438 quin·

239 458 369 519 que
410 441 574 501 milia
616 456 909 501 vasorum
948 441 1072 500 vini
1102 442 1410 517 pollicitos
1439 458 1601 504 esse.
1672 446 1860 505 Teum
1890 460 1969 505 ex
1995 446 2196 511 medio

236 540 431 586 cursu
474 526 737 586 classem
776 531 1029 599 repente
1069 524 1312 603 avertit,
1352 531 1456 586 aut
1498 528 1838 588 volentibus
1869 529 1944 591 iis
1975 548 2196 593 usurus

234 614 587 671 commeatu
618 614 831 684 parato
872 607 1184 682 hostibus,
1227 616 1332 670 aut
1365 610 1540 684 ipsos
1570 627 1683 685 pro
1718 611 2002 674 hostibus
2029 614 2197 675 habi-

236 698 435 753 turus.
470 708 611 753 cum
634 691 1005 753 direxissent
1026 692 1107 753 ad
1128 699 1350 752 terram
1374 709 1610 767 proraS,
1644 694 1990 770 quindecim
2012 698 2198 759 ferme

238 778 335 839 cis
367 790 559 835 naves
590 774 757 835 circa
778 775 1191 853 Myonnesum
1220 786 1665 852 apparuerunt,
1707 795 1864 854 quas
1895 780 2089 854 primo
2119 797 2196 843 ex

234 861 447 921 classe
496 858 667 932 regia
714 865 960 933 praetor
1006 874 1151 919 esse
1189 865 1358 919 ratus
1398 859 1610 920 institit
1649 862 1846 937 sequi.
1918 864 2199 939 apparuit

236 942 465 1003 deinde
496 941 783 1018 piraticas
814 944 1057 1002 celoces
1088 949 1148 1002 et
1176 943 1412 1003 lembos
1443 958 1604 1003 esse.
1664 944 1945 1006 Chiorum
1975 948 2196 1009 mariti·

234 1040 403 1089 mam
444 1040 613 1085 oram
656 1026 1010 1101 depopulati
1052 1041 1191 1087 cum
1230 1027 1430 1087 omnis
1461 1028 1704 1100 generis
1736 1029 1968 1104 praeda
1993 1046 2197 1091 rever·

239 1114 441 1170 tentes
481 1115 811 1185 postquam
843 1110 1049 1171 videre
1079 1125 1157 1169 ex
1187 1111 1310 1171 alto
1344 1111 1638 1183 classem,
1685 1112 1742 1171 in
1774 1113 1973 1186 fugam
2002 1120 2196 1180 verte-

236 1200 396 1256 runt.
455 1199 515 1253 et
544 1194 850 1254 celeritate
890 1192 1271 1268 superabant
1307 1194 1642 1255 levioribus
1685 1202 1747 1257 et
1787 1197 1868 1255 ad
1908 1197 1972 1257 id
1998 1196 2196 1257 fabre·

238 1276 419 1337 factis
464 1276 721 1351 navigiis
739 1322 756 1350 ,
800 1283 859 1337 et
896 1278 1220 1352 propiores
1260 1285 1460 1339 terrae
1500 1286 1689 1341 erant.
1763 1280 1970 1355 itaque
2003 1282 2198 1357 prius·

232 1375 427 1435 quam
468 1360 990 1437 appropinquaret
1032 1362 1249 1420 classis
1266 1408 1282 1434 ,
1324 1360 1734 1438 Myonnesum
1769 1363 2194 1438 perfugerant3

235 1442 406 1505 unde
448 1459 519 1504 se
548 1450 591 1504 e'
615 1450 795 1519 portu
834 1449 1003 1505 ratus
1045 1444 1490 1506 abstracturum
1531 1460 1750 1518 naves,
1795 1446 2044 1520 ignarus
2077 1446 2197 1507 loci

237 1527 617 1603 sequebatur
638 1534 903 1602 praetor.
931 1527 1316 1603 Myonnesus
1342 1529 1826 1603 promunturium
1849 1528 2002 1590 inter
2012 1530 2198 1591 Teum

235 1610 617 1687 Samumque
646 1616 759 1671 est.
797 1612 933 1686 ipse
963 1612 1137 1672 collis
1172 1618 1267 1672 est
1293 1612 1356 1671 in
1377 1612 1626 1674 modum
1648 1620 1846 1673 metae
1873 1613 1932 1671 in
1955 1621 2194 1677 acutum

236 1709 533 1756 cacumen
564 1712 602 1755 a
631 1694 821 1757 fundo
867 1695 1017 1757 satis
1058 1696 1179 1757 lato
1211 1694 1560 1771 fastigatus:
1605 1713 1645 1757 a
1668 1698 1996 1758 continenti
2029 1704 2198 1759 artae

238 1780 497 1840 semitae
527 1780 753 1841 aditum
781 1778 981 1854 habet,
1014 1796 1051 1840 a
1078 1780 1230 1841 mari
1258 1794 1489 1843 exesae
1512 1780 1799 1841 fluctibus
1821 1797 2007 1857 rupes
2032 1784 2196 1842 clau·

238 1865 421 1935 dunt,
442 1860 535 1923 'ita
562 1871 629 1924 ut
656 1864 1027 1939 quibusdam
1054 1864 1207 1924 locis
1235 1864 1756 1940 superpendentia
1783 1880 1942 1925 saxa
1969 1868 2108 1940 plus
2137 1865 2198 1925 in

236 1949 427 2012 altum
454 1962 639 2022 quam
663 1962 821 2025 quae
849 1948 909 2008 in
932 1947 1192 2010 statione
1214 1953 1359 2010 sunt
1379 1963 1568 2010 naves
1593 1950 1992 2024 promineant.
2037 1950 2200 2010 circa

236 2047 316 2091 ea
356 2032 856 2107 appropinquare
885 2047 1010 2091 non
1051 2046 1240 2094 ausae
1283 2047 1506 2104 naves,
1553 2047 1629 2091 ne
1673 2032 1789 2092 sub
1830 2032 1954 2092 ictu
1981 2047 2196 2107 super·

237 2116 813 2192 stantium-rupibus
842 2116 1174 2191 piratarum
1204 2123 1433 2189 essent,
1465 2114 1626 2175 diem
1657 2116 1894 2176 trivere.
1951 2116 2196 2176 tandem

236 2199 360 2260 sub
392 2207 631 2261 noctem
657 2214 817 2259 vano
849 2201 1091 2274 incepto
1124 2213 1263 2258 cum
1291 2199 1699 2273 abstitissent,
1729 2199 1915 2260 Teum
1944 2205 2194 2274 postero

236 2283 341 2342 (lie
370 2297 723 2354 accessere;
766 2290 827 2342 et
854 2285 912 2342 in
945 2290 1155 2358 portu,
1202 2282 1307 2358 qui
1337 2282 1413 2344 ab
1445 2289 1613 2356 tergo
1647 2283 1816 2343 urbis
1847 2289 1943 2342 est
1967 2317 2052 2329 —-
2082 2281 2196 2341 Ge·

236 2366 565 2426 raesticum
616 2367 734 2442 ipsi
776 2369 1221 2443 appellant—,
1266 2367 1526 2427 navibus
1569 2366 1912 2428 constitutis
1953 2372 2198 2440 praetor

236 2451 321 2510 ad
377 2451 875 2526 depopulandum
944 2449 1108 2510 circa
1167 2450 1380 2510 urbem
1436 2465 1647 2525 agrum
1705 2449 1924 2509 milites
1981 2449 2197 2510 emisit.

234 2533 507 2594 XXVIII.
562 2535 708 2610 Teii,
740 2551 876 2597 cum
898 2535 960 2594 in
985 2533 1183 2594 oculis
1207 2533 1518 2609 populatio
1545 2542 1728 2605 esset,
1762 2539 2037 2593 oratores
2061 2547 2198 2594 cum

234 2617 446 2678 infulis
478 2625 539 2679 et
566 2618 921 2679 velamentis
952 2619 1031 2678 ad
1059 2617 1404 2678 Romanum
1431 2617 1743 2678 miserunt.
1801 2617 2025 2692 quibus
2057 2632 2196 2692 pur·

232 2701 523 2774 gantibus
566 2702 867 2763 civitatem
908 2701 1104 2762 omnis
1150 2701 1293 2762 sacti
1323 2700 1592 2777 dictique
1623 2701 1864 2763 hostilis
1894 2701 2197 2762 adversus

234 2785 569 2859 Romanos,
598 2793 659 2846 et
686 2787 918 2848 iuvisse
949 2801 1060 2846 eos
1090 2785 1254 2846 omni
1285 2792 1622 2846 commeatu
1647 2788 1911 2846 classem
1932 2784 2199 2847 hostium

236 2870 465 2942 arguit,
507 2875 567 2929 et
599 2877 887 2945 quantum
929 2870 1049 2930 vini
1076 2868 1496 2947 Polyxenidae
1530 2870 1992 2945 promisissent3
2039 2882 2198 2944 quae

238 2949 297 3012 si
328 2952 541 3012 eadem
571 2955 755 3016 classi
775 2956 1089 3017 Romanae
1119 2954 1352 3026 darent,
1386 2961 1816 3014 revocaturum
1845 2968 1916 3012 se
1943 2969 1980 3012 a
2003 2966 2196 3026 popu·

172 3059 183 3068 ·
240 3034 465 3096 latione
506 3035 781 3110 militem,
836 3038 890 3097 si
931 3038 1162 3110 minus,
1206 3052 1320 3110 pro
1360 3035 1642 3097 hostibus
1683 3051 1794 3096 eos
1837 3034 2189 3094 habiturum

234 3117 361 3178 hoc
390 3125 512 3180 tam
538 3121 711 3182 triste
736 3136 1103 3197 responsum
1134 3135 1273 3179 cum
1303 3119 1678 3178 rettulissent
1703 3117 1914 3192 legati,
1947 3122 2200 3177 vocatur

234 3202 302 3260 in
346 3202 689 3264 contionem
734 3221 771 3265 a
812 3202 1261 3279 magistratibus
1304 3203 1606 3277 populus,
1659 3208 1726 3262 ut
1763 3199 1908 3276 quid
1949 3207 2199 3275 agerent

234 3287 677 3348 consultarent.
744 3304 819 3351 eo
851 3290 1006 3348 forte
1040 3287 1141 3348 die
1169 3284 1588 3364 Polyxenidas
1631 3299 1768 3345 cum
1795 3284 1967 3358 regia
1997 3284 2198 3343 classe

228 3385 277 3428 a
297 3369 662 3443 colophone
694 3371 1007 3445 profectus
1038 3377 1364 3445 postquam
1393 3369 1665 3428 movisse
1695 3384 1732 3428 a
1762 3366 1948 3428 Samo
1976 3368 2199 3427 Roma·

228 3467 352 3511 nos
374 3451 631 3528 audivit,
660 3461 721 3514 et
750 3451 827 3512 a'd
850 3447 1263 3522 Myonnesum
1285 3445 1514 3518 piratas
1538 3442 2203 3520 persecutosTeiorum
