2548 3950
571 201 802 261 LIBER
828 201 1069 261 xxxv.
1117 202 1283 261 CAP.
1304 209 1391 264 37.
1416 208 1503 265 38.
1550 208 1623 277 [ι.
1650 208 1713 260 c.
1743 204 1865 281 192]
2080 154 2213 264 209⁶

237 352 640 432 Euthymidas
664 352 740 413 ab
764 352 1022 414 Athenis
1043 385 1131 397 —
1153 368 1293 414 eum
1324 353 1628 414 domicilio
1660 353 1975 429 delegerat
1998 355 2204 415 locum

234 470 320 481 —
347 436 589 497 Thebas
620 437 908 511 primum,
949 436 1092 496 hinc
1121 435 1427 511 Salganea
1470 436 1801 511 processit,
1840 437 2200 500 Herodorus

236 520 316 581 ad
338 519 688 581 Thronium.
733 519 879 580 inde
905 520 1068 580 haud
1099 521 1316 595 procul
1343 520 1404 580 in
1432 519 1694 582 Maliaco
1722 521 1863 581 sinu
1894 521 2016 583 duo
2038 518 2203 581 milia

237 603 511 679 peditum
537 602 742 663 Th0as
783 610 844 663 et
885 604 1185 665 ducentos
1226 604 1496 680 equites,
1548 604 1864 665 onerarias
1907 605 2079 665 leves
2122 606 2199 665 ad

238 687 478 761 triginta
504 686 786 747 habebat.
847 702 953 749 eas
985 703 1123 747 cum
1151 688 1467 749 sexcentis
1501 688 1810 764 peditibus
1838 688 2200 751 Herodorus

238 771 495 831 traicere
523 769 584 830 in
615 771 878 831 insulam
907 773 1231 833 Atalanten
1259 770 1503 845 iussuS,
1533 779 1601 833 ut
1627 771 1800 846 inde,
1842 786 1983 847 cum
2010 771 2198 847 pede-

238 853 378 915 stris
409 854 626 928 copias
655 855 1162 931 appropinquare
1191 854 1312 914 iam
1338 855 1547 916 Aulidi
1582 862 1769 931 atque
1794 855 2029 929 Euripo
2058 870 2198 916 sen-

236 937 454 1007 sisset,
487 936 836 1000 Chalcidem
857 939 1156 1000 traiceret.
1200 938 1341 1013 ipse
1369 944 1608 1001 ceteras
1639 939 1853 1013 copias
1883 940 2198 999 nocturnis

235 1021 499 1082 maxime
538 1020 886 1096 itineribus»,
929 1029 1158 1098 quanta
1198 1026 1439 1097 poterat
1478 1022 1814 1098 celeritate,
1849 1022 2197 1084 Chalcidem

237 1104 516 1165 ducebat.
580 1103 904 1167 XXXVIII.
945 1103 1241 1185 Micythio
1272 1112 1333 1166 et
1360 1105 1732 1167 Xenoclides
1748 1152 1763 1179 ‚
1806 1121 2000 1182 penes
2036 1122 2196 1182 quos

234 1194 360 1249 tum
400 1203 640 1251 summa
676 1204 881 1249 rerum
922 1190 1105 1265 pulso
1147 1189 1525 1268 Euthymida
1551 1189 1839 1251 Chalcide
1880 1195 2040 1264 erat,
2084 1206 2199 1251 seu

235 1271 357 1347 ipsi
397 1286 512 1347 per
551 1287 620 1332 se
661 1273 960 1349 suspicati
999 1289 1113 1334 seu
1153 1274 1420 1335 indicata
1458 1288 1528 1333 re
1570 1274 1767 1349 primo
1810 1273 2019 1350 pavidi
2049 1273 2198 1334 nihil

233 1370 498 1431 usquam
529 1357 662 1431 spei
692 1356 809 1417 nisi
837 1358 901 1416 in
929 1358 1075 1432 fuga
1102 1358 1446 1433 ponebant,
1488 1357 1713 1417 deinde
1741 1365 2072 1433 postquam
2101 1372 2195 1417 re·

236 1439 401 1500 sedit
421 1444 618 1501 terror
638 1448 700 1501 et
717 1441 901 1515 prodi
930 1448 992 1502 et
1013 1441 1218 1502 deseri
1243 1457 1368 1501 non
1391 1440 1650 1516 patriam
1670 1441 1857 1501 modo
1882 1441 1995 1500 sed
2018 1441 2197 1501 etiam

234 1525 650 1585 Romanorum
680 1525 1034 1585 societatem
1076 1525 1437 1599 cernebant,
1481 1524 1740 1586 consilio
1785 1524 1888 1585 tali
1931 1523 2197 1585 animum

235 1607 610 1669 adiecerunt.
654 1625 900 1670 sacrum
927 1609 1411 1670 anniversarium
1452 1622 1527 1669 eo
1559 1609 1717 1669 forte
1747 1617 2021 1684 tempore
2048 1607 2193 1667 Ere-

233 1692 388 1753 triae
426 1692 888 1769 Amarynthidis
929 1693 1161 1753 Dianae
1201 1701 1364 1767 erat,
1419 1692 1589 1769 quod
1636 1707 1761 1753 non
1808 1692 2193 1769 popularium

233 1776 420 1839 modo
464 1775 580 1838 sed
610 1776 1024 1856 Carystiorum
1067 1777 1245 1838 etiam
1290 1784 1471 1838 coetu
1500 1777 1862 1841 celebratur.
1908 1793 1983 1837 eo
2014 1778 2195 1851 mise-

231 1867 374 1921 runt
403 1860 509 1935 qui
539 1867 784 1922 orarent
808 1859 1188 1921 Eretrienses
1219 1860 1692 1941 Carystiosque,
1733 1869 1803 1922 ut
1842 1868 1904 1921 et
1943 1876 2196 1937 suarum

235 1946 614 2006 fortunarum
643 1946 702 2006 in
727 1944 945 2007 eadem
968 1945 1168 2006 insula
1189 1944 1375 2022 geniti
1394 1946 1829 2007 misererentur
1844 1991 1860 2018 ,
1894 1952 1954 2006 et
1972 1946 2193 2006 Roma-

233 2043 374 2089 nam
406 2029 760 2090 societatem
787 2030 1185 2106 respicerent.
1229 2045 1309 2088 ne
1342 2030 1612 2090 sinerent
1637 2029 1996 2091 Aetolorum
2022 2028 2193 2090 Chal-

235 2113 436 2174 cidem
457 2113 623 2174 fieri=
658 2113 974 2175 Euboeam
992 2113 1345 2186 habituroS‚
1376 2113 1430 2173 si
1446 2112 1793 2173 Chalcidem
1814 2112 2194 2176 habuissent.

234 2211 456 2271 graves
491 2197 682 2259 fuisse
700 2197 1076 2259 Macedonas
1109 2196 1420 2258 dominos:
1462 2197 1653 2257 multo
1681 2197 1883 2256 minus
1911 2196 2195 2257 tolerabi-

236 2281 310 2341 lis
341 2281 581 2342 futuros
607 2283 886 2344 Aetolos.
939 2282 1355 2342 Romanorum
1394 2279 1657 2339 maxime
1696 2286 2018 2353 respectus
2050 2277 2195 2338 civi·

237 2371 390 2426 tates
440 2364 658 2439 movit,
710 2373 771 2426 et
820 2366 1098 2427 virtutem
1146 2379 1346 2440 nuper
1393 2365 1455 2425 in
1505 2362 1668 2422 bello
1718 2370 1779 2423 et
1826 2363 1890 2422 in
1940 2362 2197 2423 victoria

233 2448 522 2509 iustitiam
553 2449 1108 2526 benignitatemque
1138 2455 1448 2525 expertas.
1505 2447 1711 2521 itaque
1741 2447 1909 2522 quod
1951 2446 2195 2507 roboris

236 2531 295 2593 in
337 2532 652 2595 iuventute
693 2539 824 2594 erat
861 2539 1122 2608 utraque
1169 2533 1384 2593 civitas
1426 2531 1681 2594 armavit
1728 2529 2034 2606 misitque.
2098 2529 2193 2588 his

233 2617 466 2678 tuenda
492 2617 734 2678 moenia
763 2616 1065 2678 Chalcidis
1098 2616 1394 2691 oppidani
1438 2631 1575 2677 cum
1604 2614 2031 2688 tradidissent,
2072 2611 2198 2688 ipsi

235 2698 522 2761 omnibus
563 2701 763 2776 copiis
793 2699 1488 2775 transgressi'Euripum
1518 2698 1599 2758 ad
1628 2697 1934 2774 Salganea
1968 2713 2193 2773 posue-

231 2790 377 2846 runt
421 2791 640 2846 castra.
691 2785 836 2846 inde
879 2785 1248 2845 caduceator
1290 2784 1579 2859 primum,
1623 2782 1849 2843 deinde
1890 2782 2075 2858 legati
2114 2781 2197 2842 ad

235 2870 492 2930 Aetolos
523 2863 693 2929 missi
726 2873 1212 2943 percunctatum,
1258 2883 1383 2943 quo
1428 2883 1543 2928 suo
1574 2864 1739 2927 dicto
1767 2867 2010 2927 factove
2041 2865 2195 2928 socii

232 2961 422 3028 atque
443 2952 622 3012 amici
646 2953 721 3012 ad
749 2967 818 3012 se
842 2952 1299 3028 oppugnandos
1321 2951 1616 3012 venirent.
1660 2949 2193 3024 responditThoas

233 3035 364 3096 dux
390 3035 746 3097 Aetolorum
789 3051 913 3097 non
945 3036 1024 3095 ad
1069 3037 1525 3112 oppugnandos
1568 3033 1683 3094 sed
1721 3033 1801 3092 ad
1838 3033 2193 3093 liberandos

233 3119 314 3178 ab
341 3120 637 3180 Romanis
678 3119 887 3180 venire
927 3135 1104 3189 sese;
1150 3118 1569 3194 splendidiore
1610 3131 1773 3177 nunc
1804 3133 1917 3179 eos
1958 3122 2194 3188 catena,

231 3201 351 3263 sed
377 3197 580 3265 multo'
593 3203 877 3278 graviore
916 3201 1158 3265 vinctos
1198 3217 1371 3276 esse,
1416 3216 1601 3276 quam
1642 3215 1781 3260 cum
1820 3198 2194 3276 praesidium

229 3285 641 3348 Macedonum
683 3287 743 3347 in
786 3303 929 3348 arce
968 3285 1349 3348 habuissent.
1406 3301 1477 3346 se
1514 3299 1663 3344 vero
1706 3297 1934 3358 negare
1964 3280 2194 3342 Chalci·

233 3369 465 3432 denses
509 3376 615 3430 aut
654 3372 891 3432 servire
932 3371 1038 3430 ulli
1080 3377 1185 3431 aut
1231 3367 1545 3445 praesidio
1591 3367 1953 3443 cuiusquam
1992 3381 2196 3440 egere.

232 3451 318 3516 ita
345 3453 614 3528 digressi
644 3470 722 3514 ex
753 3455 1061 3529 colloquio
1107 3453 1288 3529 legati
1318 3453 1395 3515 ad
1426 3468 1607 3525 suoS‚
1645 3451 1847 3512 Thoas
1891 3458 1950 3510 et
1976 3449 2197 3524 Aetoli,

320 3556 375 3598 τ.
415 3553 542 3596 1.1v1
587 3555 740 3599 imus
783 3539 889 3596 IV.
1721 3544 1786 3596 14
