2548 3950
532 148 761 208 LlssER
790 149 1085 209 XXXVII.
1132 149 1298 207 CAP.
1327 157 1414 210 25.
1437 157 1525 210 26.
1571 155 1642 221 [a.
1671 154 1882 220 0.190]
2057 145 2180 214 283
2294 140 2296 142 ’

212 314 414 374 regna
440 296 730 370 tollenda,
762 303 828 357 ut
855 298 1084 356 nullum
1111 313 1374 372 usquam
1407 297 1572 357 orbis
1597 305 1892 358 terrarum
1913 298 2031 359 nisi
2057 299 2179 360 Ro·-

213 397 466 442 manum
496 381 817 456 imperium
844 387 1029 441 esset.
1071 380 1418 455 Philippum
1441 387 1505 440 et
1520 380 1734 440 Nabim
1755 388 2178 456 expugnato&

214 481 291 525 se
316 465 555 524 tertium
586 463 729 539 peti.
774 470 843 522 ut
874 462 1139 538 quisque
1160 465 1484 539 ¹proximus
1507 462 1585 522 ab
1609 479 1916 539 oppresso
1941 464 2038 538 sit,
2067 481 2180 540 per

212 549 418 609 omnis
448 549 616 613 velut
646 547 963 608 continens
992 547 1341 608 incendium
1379 563 1800 621 pervasurum.
1843 548 1922 608 ab
1945 564 2016 608 se
2043 563 2178 622 gra·-

212 635 363 691 dum
391 633 453 691 in
480 629 828 708 Bithyniam
858 631 1019 705 fore,
1067 631 1314 705 quando
1343 631 1652 692 Eumenes
1682 631 1745 690 in
1775 630 2174 693 voluntariam

214 715 573 776 servitutem
604 713 1039 774 concessisset.
1095 713 1191 773 his
1220 720 1448 775 motum
1475 712 1754 775 Prusiam
1780 713 2015 778 litterae
2046 713 2176 776 Sci·

211 799 420 874 pionis
448 793 746 871 consuli&
777 797 892 857 sed
919 797 1115 871 magis
1144 798 1347 857 fratris
1380 799 1515 858 eius
1541 797 1834 869 Africani,
1867 797 1944 858 ab
1974 796 2178 872 suspi-

212 877 417 944 cio'na
438 883 540 942 tali
580 887 961 948 averterunt3
1018 881 1120 954 qui
1150 889 1394 955 praeter
1423 881 1929 946 consuetudinem
1955 896 2178 956 perpe·

204 973 381 1026 tuam
403 963 618 1040 'populi
630 964 889 1024 Romani
912 964 1177 1038 augendi
1198 964 1365 1024 omni
1386 964 1622 1025 honore
1641 979 1856 1038 regum
1867 965 2202 1031 sociorum

210 1049 612 1122 maiestatem,
642 1047 995 1108 domesticis
1023 1046 1163 1122 ipse
1194 1047 1496 1123 exemplis
1524 1046 1800 1108 Prusiam
1827 1047 1907 1109 ad
1935 1062 2175 1123 prome-

208 1132 467 1191 rendam
518 1131 836 1190 amicitiam
886 1146 1062 1191 suam
1103 1132 1410 1206 compulit.
1483 1132 1734 1205 regulos
1775 1146 1846 1190 se
1887 1138 2176 1206 acceptos

210 1219 277 1275 in
321 1216 503 1275 fidem
543 1214 604 1274 in
641 1214 939 1289 Hispania
984 1229 1167 1289 reges
1205 1213 1566 1290 reliqui-sset
1619 1212 2014 1274 Masinissam
2053 1230 2175 1276 non

208 1301 275 1358 in
321 1299 517 1374 patrio
556 1297 743 1358 modo
780 1298 1029 1358 »locasse
1068 1313 1294 1373 regno,
1345 1298 1457 1358 sed
1500 1298 1564 1356 in
1595 1296 1936 1374 SyphaeiS,
1979 1314 2018 1358 a
2045 1313 2170 1371 quo

210 1390 357 1443 ante
396 1382 692 1458 expulsus
736 1379 982 1454 fuisset,
1022 1396 1282 1454 regnum
1323 1381 1729 1456 imposuisse3
1773 1386 1838 1439 et
1865 1393 2008 1440 esse
2037 1395 2176 1442 eum

213 1483 341 1527 non
370 1465 617 1525 Africae
645 1465 833 1525 modo
860 1479 1077 1560 regum
1102 1465 1286 1539 longe
1321 1462 1870 1540 opulentissimum,
1899 1464 2015 1524 sed
2044 1469 2172 1525 toto

212 1551 275 1609 in
308 1549 457 1610 orbe
496 1557 791 1608 terrarum
833 1549 1027 1608 cuivis
1066 1561 1280 1623 regum
1321 1549 1420 1608 vel
1459 1549 1777 1608 maiestate
1816 1547 1913 1608 vel
1945 1546 2175 1610 viribus

214 1649 457 1708 parem.
496 1631 843 1708 Philippum
870 1625 933 1692 et
956 1629 1201 1706 Nabim,
1232 1631 1432 1692 hostis
1462 1639 1524 1692 et
1550 1631 1712 1692 bello
1741 1638 2067 1720 superatos
2099 1631 2172 1693 ab

207 1717 276 1776 T.
294 1717 588 1792 Quinctio,
612 1722 815 1776 tamen
836 1716 898 1776 in
920 1731 1111 1790 regno
1132 1717 1401 1777 relictos.
1435 1715 1716 1792 Philippo
1741 1703 2043 1790 quidem
2013 1730 2172 1775 anno

213 1801 418 1876 priore
432 1801 611 1861 etiam
634 1801 1005 1876 stipendium
1023 1801 1351 1861 remissum
1373 1806 1437 1859 et
1456 1799 1645 1860 filium
1667 1798 1944 1860 obsidem
1968 1799 2173 1860 reddi-

214 1895 339 1944 tum
355 1930 370 1959 ,
410 1892 471 1944 et
503 1885 812 1960 quasdam
845 1885 1118 1944 civitates
1148 1891 1327 1942 extra
1351 1883 1776 1944 Macedoniam
1805 1882 2173 1956 patientibus

211 1967 505 2031 Romanis
526 1967 995 2043 imperatoribus
1016 1965 1334 2043 recepisse
1356 1983 1516 2027 eum.
1559 1967 1618 2027 in
1649 1965 1866 2027 eadem
1887 1963 2174 2040 dignitate

214 2059 277 2112 et
310 2050 524 2113 Nabim
563 2054 831 2113 futurum
872 2052 1099 2121 fuisse,
1145 2052 1265 2111 nisi
1305 2066 1442 2111 eum
1483 2068 1636 2112 suus
1683 2048 1944 2125 primum
1986 2050 2172 2122 furor,

209 2136 439 2198 deinde
468 2138 637 2197 fraus
662 2137 1017 2197 Aetolorum
1051 2133 1520 2209 absumpsisset.
1561 2134 1824 2193 maxime
1853 2132 2173 2193 conflrma—

212 2229 312 2280 tus
355 2227 453 2280 est
492 2219 731 2280 animus
770 2220 966 2295 regm,
1012 2224 1348 2294 postquam
1387 2218 1467 2277 ad
1507 2232 1646 2277 eum
1683 2216 1748 2275 0.
1786 2215 2028 2287 LiviuS‚
2071 2214 2172 2291 qui

212 2310 462 2378 praetor
490 2311 630 2363 ante
659 2304 845 2363 classi
870 2303 1247 2378 praefuerat,
1289 2303 1526 2376 legatus
1555 2301 1635 2361 ab
1661 2300 1860 2361 Roma
1887 2298 2082 2373 venit,
2113 2304 2174 2357 et

214 2388 489 2461 edocuit,
538 2392 767 2461 quanto
808 2392 871 2445 et
902 2401 1052 2461 spes
1092 2385 1386 2446 victoriae
1414 2386 1635 2445 certior
1660 2382 1952 2445 Romanis
1987 2396 2172 2458 quam

210 2469 521 2531 Antiocho
565 2477 625 2530 et
665 2469 927 2529 amicitia
967 2467 1237 2531 sanctior
1277 2466 1634 2545 firmiorque
1663 2468 1828 2543 apud
1858 2467 2171 2527 Romanos

214 2555 417 2613 futura
444 2560 631 2614 esset.
764 2612 775 2621 ,

378 2636 591 2697 XXVI.
633 2636 975 2698 Antiochus
1017 2646 1348 2713 postquam
1373 2654 1412 2697 a
1439 2652 1554 2713 spe
1583 2636 1894 2697 societatis
1919 2634 2173 2695 Prusiae

201 2720 467 2793 -deeidit,
507 2720 821 2796 Ephesum
862 2722 939 2782 ab
970 2721 1269 2783 Sardibus
1299 2730 1396 2783 est
1429 2721 1746 2799 profectus
1775 2722 1857 2783 ad
1885 2716 2168 2791 classem,

217 2818 373 2879 quae
393 2819 515 2880 vper
540 2804 773 2905 aliquot
806 2820 1052 2867 menses
1076 2807 1370 2868 instructa
1391 2820 1464 2867 ac
1485 2807 1936 2881 parata'fuerat,
1965 2802 2171 2863 visen·

215 2887 384 2962 dam,
426 2889 619 2964 magis
652 2890 797 2965 quia
821 2891 1215 2952 terrestribus
1234 2890 1442 2967 copiis
1473 2891 1808 2965 exercitum
1833 2890 2174 2949 Romanum

214 2977 276 3031 et
288 2972 445 3034 duos
462 2972 783 3048 Scipiones
805 2974 1207 3050 imperatores
1229 2974 1480 3034 videbat
1499 2973 1788 3033 sustineri
1810 2986 1934 3031 non
1959 2980 2172 3044 posse,

218 3070 398 3129 quam
434 3058 599 3132 quod
628 3072 732 3116 res
761 3057 998 3119 navalis
1027 3056 1169 3133 ipsa
1196 3072 1312 3130 per
1345 3072 1416 3116 se
1443 3062 1547 3115 aut
1573 3060 1864 3129 temptata
1891 3049 2014 3114 sibi
2039 3066 2171 3111 um-

217 3154 397 3213 quam
439 3140 692 3201 feliciter
732 3146 838 3201 aut
874 3147 1019 3200 tunc
1058 3154 1319 3213 magnae
1359 3146 1422 3200 et
1447 3145 1650 3199 certae
1689 3137 1956 3199 fiduciae
1983 3140 2171 3197 esset.

216 3229 343 3283 erat
380 3229 582 3283 tamen
624 3229 994 3283 momentum
1035 3224 1097 3282 in
1138 3223 1492 3297 praesentia
1531 3222 1698 3297 spei,
1745 3221 1914 3297 quod
1955 3227 2017 3281 et
2043 3232 2170 3278 ma·

212 3320 388 3379 gnam
431 3312 665 3382 partem
692 3306 972 3368 Rhodiae
1002 3306 1221 3367 classis
1252 3306 1418 3367 circa
1442 3306 1660 3367 Patara
1687 3319 1834 3365 ess-e
1861 3310 1922 3365 et
1948 3304 2171 3364 Eume-

218 3404 348 3448 nem
388 3404 599 3464 rege'n
628 3404 765 3449 cum
796 3388 1077 3451 omnibus
1108 3390 1372 3450 navibus
1403 3389 1532 3451 suis
1561 3388 1803 3449 consuli
1831 3384 2076 3481 obyiam
2105 3386 2167 3447 in
2257 3460 2260 3463 ῃ
