<?xml version="1.0" encoding="UTF-8"?>
<!DOCTYPE html PUBLIC "-//W3C//DTD XHTML 1.0 Transitional//EN"
    "http://www.w3.org/TR/xhtml1/DTD/xhtml1-transitional.dtd">
<html xmlns="http://www.w3.org/1999/xhtml" xml:lang="en" lang="en">
 <head>
  <title>
</title>
<meta http-equiv="Content-Type" content="text/html;charset=utf-8" />
  <meta name='ocr-system' content='tesseract 3.04.00' />
  <meta name='ocr-capabilities' content='ocr_page ocr_carea ocr_par ocr_line ocrx_word'/>
</head>
<body>
  <div class='ocr_page' id='page_1' title='image "./aburbeconditali14livygoog_0358.png"; bbox 0 0 2548 3950; ppageno 0'>
   <div class='ocr_carea' id='block_1_1' title="bbox 548 208 2220 295">
    <p class='ocr_par' dir='ltr' id='par_1_1' title="bbox 548 208 2220 295">
     <span class='ocr_line' id='line_1_1' title="bbox 548 208 2220 295; baseline 0.002 -26"><span class='ocrx_word' id='word_1_1' title='bbox 548 210 777 269; x_wconf 72' lang='lat' dir='ltr'>Lissa</span> <span class='ocrx_word' id='word_1_2' title='bbox 804 210 1125 269; x_wconf 82' lang='lat' dir='ltr'>xxxvm.</span> <span class='ocrx_word' id='word_1_3' title='bbox 1174 208 1572 295; x_wconf 80' lang='lat' dir='ltr'>CAP.15.16.</span> <span class='ocrx_word' id='word_1_4' title='bbox 1615 215 1778 281; x_wconf 57' lang='lat' dir='ltr'>[ab.</span> <span class='ocrx_word' id='word_1_5' title='bbox 1805 214 1928 281; x_wconf 83' lang='lat'>189]</span> <span class='ocrx_word' id='word_1_6' title='bbox 2097 210 2220 293; x_wconf 75' lang='lat'>331</span> 
     </span>
    </p>
   </div>
   <div class='ocr_carea' id='block_1_2' title="bbox 260 358 2220 436">
    <p class='ocr_par' dir='ltr' id='par_1_2' title="bbox 260 358 2220 436">
     <span class='ocr_line' id='line_1_2' title="bbox 260 358 2220 436; baseline -0.001 -16"><span class='ocrx_word' id='word_1_7' title='bbox 260 360 409 422; x_wconf 78' lang='lat' dir='ltr'>inde</span> <span class='ocrx_word' id='word_1_8' title='bbox 451 359 511 419; x_wconf 92' lang='lat' dir='ltr'>in</span> <span class='ocrx_word' id='word_1_9' title='bbox 563 374 779 433; x_wconf 79' lang='lat' dir='ltr'>agrum</span> <span class='ocrx_word' id='word_1_10' title='bbox 818 358 1296 433; x_wconf 77' lang='lat' dir='ltr'>Sagalassenum</span> <span class='ocrx_word' id='word_1_11' title='bbox 1347 359 1595 421; x_wconf 87' lang='lat' dir='ltr'>uberem</span> <span class='ocrx_word' id='word_1_12' title='bbox 1640 360 2018 436; x_wconf 77' lang='lat' dir='ltr'>fertilemque</span> <span class='ocrx_word' id='word_1_13' title='bbox 2061 360 2220 421; x_wconf 87' lang='lat' dir='ltr'>omni</span> 
     </span>
    </p>
   </div>
   <div class='ocr_carea' id='block_1_3' title="bbox 255 442 2310 525">
    <p class='ocr_par' dir='ltr' id='par_1_3' title="bbox 255 442 2310 525">
     <span class='ocr_line' id='line_1_3' title="bbox 255 442 2310 525; baseline -0 -20"><span class='ocrx_word' id='word_1_14' title='bbox 255 459 494 519; x_wconf 72' lang='lat' dir='ltr'>genere</span> <span class='ocrx_word' id='word_1_15' title='bbox 532 444 773 516; x_wconf 79' lang='lat' dir='ltr'>frugum</span> <span class='ocrx_word' id='word_1_16' title='bbox 815 450 1059 503; x_wconf 76' lang='lat' dir='ltr'>ventum</span> <span class='ocrx_word' id='word_1_17' title='bbox 1090 451 1202 503; x_wconf 89' lang='lat' dir='ltr'>est.</span> <span class='ocrx_word' id='word_1_18' title='bbox 1270 444 1475 503; x_wconf 88' lang='lat' dir='ltr'>colunt</span> <span class='ocrx_word' id='word_1_19' title='bbox 1499 442 1771 516; x_wconf 81' lang='lat' dir='ltr'><strong>Pisidae,</strong></span> <span class='ocrx_word' id='word_1_20' title='bbox 1801 446 1982 519; x_wconf 80' lang='lat' dir='ltr'>longe</span> <span class='ocrx_word' id='word_1_21' title='bbox 2014 444 2222 519; x_wconf 79' lang='lat' dir='ltr'>optimi</span> <span class='ocrx_word' id='word_1_22' title='bbox 2300 520 2310 525; x_wconf 11' lang='lat' dir='ltr'>y„</span> 
     </span>
    </p>
   </div>
   <div class='ocr_carea' id='block_1_4' title="bbox 252 526 2225 3524">
    <p class='ocr_par' dir='ltr' id='par_1_4' title="bbox 252 526 2225 2106">
     <span class='ocr_line' id='line_1_4' title="bbox 256 526 2222 603; baseline 0.001 -17"><span class='ocrx_word' id='word_1_23' title='bbox 256 526 427 588; x_wconf 75' lang='lat' dir='ltr'>bello</span> <span class='ocrx_word' id='word_1_24' title='bbox 453 528 725 601; x_wconf 80' lang='lat' dir='ltr'><strong>regionis</strong></span> <span class='ocrx_word' id='word_1_25' title='bbox 756 527 909 589; x_wconf 81' lang='lat' dir='ltr'>eius,</span> <span class='ocrx_word' id='word_1_26' title='bbox 964 542 1106 587; x_wconf 87' lang='lat' dir='ltr'>cum</span> <span class='ocrx_word' id='word_1_27' title='bbox 1133 542 1207 587; x_wconf 86' lang='lat' dir='ltr'>ea</span> <span class='ocrx_word' id='word_1_28' title='bbox 1234 542 1336 587; x_wconf 87' lang='lat' dir='ltr'>res</span> <span class='ocrx_word' id='word_1_29' title='bbox 1367 527 1604 587; x_wconf 88' lang='lat' dir='ltr'>animos</span> <span class='ocrx_word' id='word_1_30' title='bbox 1632 528 1791 601; x_wconf 84' lang='lat' dir='ltr'>facit,</span> <span class='ocrx_word' id='word_1_31' title='bbox 1821 535 1946 587; x_wconf 89' lang='lat' dir='ltr'>tum</span> <span class='ocrx_word' id='word_1_32' title='bbox 1978 528 2108 603; x_wconf 78' lang='lat' dir='ltr'>agri</span> <span class='ocrx_word' id='word_1_33' title='bbox 2137 530 2222 587; x_wconf 81' lang='lat' dir='ltr'>se-</span> 
     </span>
     <span class='ocr_line' id='line_1_5' title="bbox 256 609 2220 685; baseline 0.001 -16"><span class='ocrx_word' id='word_1_34' title='bbox 256 612 546 671; x_wconf 79' lang='lat' dir='ltr'>-cunditas</span> <span class='ocrx_word' id='word_1_35' title='bbox 590 618 649 671; x_wconf 87' lang='lat' dir='ltr'>et</span> <span class='ocrx_word' id='word_1_36' title='bbox 677 610 993 671; x_wconf 87' lang='lat' dir='ltr'>multitudo</span> <span class='ocrx_word' id='word_1_37' title='bbox 1035 609 1347 677; x_wconf 85' lang='lat' dir='ltr'>hominum</span> <span class='ocrx_word' id='word_1_38' title='bbox 1377 620 1438 673; x_wconf 89' lang='lat' dir='ltr'>et</span> <span class='ocrx_word' id='word_1_39' title='bbox 1465 611 1618 671; x_wconf 89' lang='lat' dir='ltr'>situs</span> <span class='ocrx_word' id='word_1_40' title='bbox 1647 609 1804 682; x_wconf 83' lang='lat' dir='ltr'>inter</span> <span class='ocrx_word' id='word_1_41' title='bbox 1833 626 2064 685; x_wconf 86' lang='lat' dir='ltr'>paucas</span> <span class='ocrx_word' id='word_1_42' title='bbox 2093 627 2220 671; x_wconf 82' lang='lat' dir='ltr'>mu-</span> 
     </span>
     <span class='ocr_line' id='line_1_6' title="bbox 258 694 2222 769; baseline 0.002 -17"><span class='ocrx_word' id='word_1_43' title='bbox 258 695 427 754; x_wconf 85' lang='lat' dir='ltr'>nitae</span> <span class='ocrx_word' id='word_1_44' title='bbox 467 694 658 755; x_wconf 86' lang='lat' dir='ltr'>urbis.</span> <span class='ocrx_word' id='word_1_45' title='bbox 735 694 981 768; x_wconf 92' lang='lat' dir='ltr'>consul,</span> <span class='ocrx_word' id='word_1_46' title='bbox 1026 694 1171 769; x_wconf 85' lang='lat' dir='ltr'>quia</span> <span class='ocrx_word' id='word_1_47' title='bbox 1206 694 1376 755; x_wconf 89' lang='lat' dir='ltr'>nulla</span> <span class='ocrx_word' id='word_1_48' title='bbox 1401 694 1622 769; x_wconf 76' lang='lat' dir='ltr'>legatio</span> <span class='ocrx_word' id='word_1_49' title='bbox 1653 694 1734 753; x_wconf 89' lang='lat' dir='ltr'>ad</span> <span class='ocrx_word' id='word_1_50' title='bbox 1761 694 1944 754; x_wconf 87' lang='lat' dir='ltr'>finem</span> <span class='ocrx_word' id='word_1_51' title='bbox 1974 702 2222 769; x_wconf 87' lang='lat' dir='ltr'>praesto</span> 
     </span>
     <span class='ocr_line' id='line_1_7' title="bbox 264 776 2223 853; baseline 0 -17"><span class='ocrx_word' id='word_1_52' title='bbox 264 778 478 852; x_wconf 86' lang='lat' dir='ltr'>fuerat,</span> <span class='ocrx_word' id='word_1_53' title='bbox 507 778 867 853; x_wconf 86' lang='lat' dir='ltr'>praedatum</span> <span class='ocrx_word' id='word_1_54' title='bbox 894 776 958 837; x_wconf 88' lang='lat' dir='ltr'>in</span> <span class='ocrx_word' id='word_1_55' title='bbox 986 792 1172 851; x_wconf 84' lang='lat' dir='ltr'>agros</span> <span class='ocrx_word' id='word_1_56' title='bbox 1201 776 1384 839; x_wconf 89' lang='lat' dir='ltr'>misit.</span> <span class='ocrx_word' id='word_1_57' title='bbox 1433 785 1560 837; x_wconf 89' lang='lat' dir='ltr'>tum</span> <span class='ocrx_word' id='word_1_58' title='bbox 1591 778 1836 838; x_wconf 90' lang='lat' dir='ltr'>demum</span> <span class='ocrx_word' id='word_1_59' title='bbox 1862 780 2058 839; x_wconf 85' lang='lat' dir='ltr'>fracta</span> <span class='ocrx_word' id='word_1_60' title='bbox 2084 793 2223 853; x_wconf 81' lang='lat' dir='ltr'>per-</span> 
     </span>
     <span class='ocr_line' id='line_1_8' title="bbox 259 860 2224 937; baseline -0.001 -16"><span class='ocrx_word' id='word_1_61' title='bbox 259 862 485 922; x_wconf 78' lang='lat' dir='ltr'>tinacia</span> <span class='ocrx_word' id='word_1_62' title='bbox 512 866 623 935; x_wconf 89' lang='lat' dir='ltr'>est,</span> <span class='ocrx_word' id='word_1_63' title='bbox 653 868 721 921; x_wconf 86' lang='lat' dir='ltr'>ut</span> <span class='ocrx_word' id='word_1_64' title='bbox 751 862 893 921; x_wconf 79' lang='lat' dir='ltr'>ferri</span> <span class='ocrx_word' id='word_1_65' title='bbox 923 860 1146 935; x_wconf 80' lang='lat' dir='ltr'>agique</span> <span class='ocrx_word' id='word_1_66' title='bbox 1173 876 1278 921; x_wconf 89' lang='lat' dir='ltr'>res</span> <span class='ocrx_word' id='word_1_67' title='bbox 1309 876 1456 921; x_wconf 91' lang='lat' dir='ltr'>suas</span> <span class='ocrx_word' id='word_1_68' title='bbox 1486 860 1786 922; x_wconf 89' lang='lat' dir='ltr'>viderunt.</span> <span class='ocrx_word' id='word_1_69' title='bbox 1836 862 2051 937; x_wconf 78' lang='lat' dir='ltr'>legatis</span> <span class='ocrx_word' id='word_1_70' title='bbox 2080 862 2224 921; x_wconf 91' lang='lat' dir='ltr'>mis-</span> 
     </span>
     <span class='ocr_line' id='line_1_9' title="bbox 264 942 2223 1019; baseline -0.001 -14"><span class='ocrx_word' id='word_1_71' title='bbox 264 946 351 1005; x_wconf 88' lang='lat' dir='ltr'>sis</span> <span class='ocrx_word' id='word_1_72' title='bbox 377 944 539 1018; x_wconf 88' lang='lat' dir='ltr'>pacti</span> <span class='ocrx_word' id='word_1_73' title='bbox 554 944 697 1019; x_wconf 87' lang='lat' dir='ltr'>quin</span> <span class='ocrx_word' id='word_1_74' title='bbox 707 943 996 1018; x_wconf 84' lang='lat' dir='ltr'>quaginta</span> <span class='ocrx_word' id='word_1_75' title='bbox 1016 944 1255 1005; x_wconf 88' lang='lat' dir='ltr'>talentis</span> <span class='ocrx_word' id='word_1_76' title='bbox 1272 952 1334 1003; x_wconf 91' lang='lat' dir='ltr'>et</span> <span class='ocrx_word' id='word_1_77' title='bbox 1354 942 1566 1018; x_wconf 81' lang='lat' dir='ltr'>viginti</span> <span class='ocrx_word' id='word_1_78' title='bbox 1587 944 1830 1006; x_wconf 89' lang='lat' dir='ltr'>milibus</span> <span class='ocrx_word' id='word_1_79' title='bbox 1854 945 2223 1005; x_wconf 86' lang='lat' dir='ltr'>medimnum</span> 
     </span>
     <span class='ocr_line' id='line_1_10' title="bbox 262 1028 2224 1103; baseline 0 -16"><span class='ocrx_word' id='word_1_80' title='bbox 262 1028 471 1101; x_wconf 81' lang='lat' dir='ltr'>tritici,</span> <span class='ocrx_word' id='word_1_81' title='bbox 514 1028 725 1101; x_wconf 82' lang='lat' dir='ltr'>viginti</span> <span class='ocrx_word' id='word_1_82' title='bbox 753 1028 998 1098; x_wconf 87' lang='lat' dir='ltr'>hordei,</span> <span class='ocrx_word' id='word_1_83' title='bbox 1044 1042 1262 1103; x_wconf 88' lang='lat' dir='ltr'>pacem</span> <span class='ocrx_word' id='word_1_84' title='bbox 1289 1028 1784 1103; x_wconf 86' lang='lat' dir='ltr'>impetraverunt.</span> <span class='ocrx_word' id='word_1_85' title='bbox 1848 1044 2224 1103; x_wconf 76' lang='lat' dir='ltr'>progressus</span> 
     </span>
     <span class='ocr_line' id='line_1_11' title="bbox 259 1110 2223 1187; baseline 0 -17"><span class='ocrx_word' id='word_1_86' title='bbox 259 1112 405 1171; x_wconf 91' lang='lat' dir='ltr'>inde</span> <span class='ocrx_word' id='word_1_87' title='bbox 436 1112 515 1171; x_wconf 87' lang='lat' dir='ltr'>ad</span> <span class='ocrx_word' id='word_1_88' title='bbox 533 1111 863 1173; x_wconf 86' lang='lat' dir='ltr'>Rhotrinos</span> <span class='ocrx_word' id='word_1_89' title='bbox 888 1112 1107 1183; x_wconf 53' lang='lat' dir='ltr'>fonte&amp;</span> <span class='ocrx_word' id='word_1_90' title='bbox 1139 1112 1220 1173; x_wconf 86' lang='lat' dir='ltr'>ad</span> <span class='ocrx_word' id='word_1_91' title='bbox 1244 1112 1442 1187; x_wconf 76' lang='lat' dir='ltr'>vicum</span> <span class='ocrx_word' id='word_1_92' title='bbox 1467 1126 1650 1186; x_wconf 88' lang='lat' dir='ltr'>quem</span> <span class='ocrx_word' id='word_1_93' title='bbox 1668 1112 1973 1174; x_wconf 87' lang='lat' dir='ltr'>Acaridos</span> <span class='ocrx_word' id='word_1_94' title='bbox 1997 1110 2223 1172; x_wconf 87' lang='lat' dir='ltr'>Comen</span> 
     </span>
     <span class='ocr_line' id='line_1_12' title="bbox 259 1193 2224 1273; baseline 0.002 -20"><span class='ocrx_word' id='word_1_95' title='bbox 259 1202 485 1259; x_wconf 84' lang='lat' dir='ltr'>vocant</span> <span class='ocrx_word' id='word_1_96' title='bbox 530 1194 741 1270; x_wconf 82' lang='lat' dir='ltr'>posuit</span> <span class='ocrx_word' id='word_1_97' title='bbox 782 1202 1002 1259; x_wconf 84' lang='lat' dir='ltr'>castra.</span> <span class='ocrx_word' id='word_1_98' title='bbox 1075 1210 1152 1255; x_wconf 91' lang='lat' dir='ltr'>eo</span> <span class='ocrx_word' id='word_1_99' title='bbox 1198 1193 1498 1257; x_wconf 86' lang='lat' dir='ltr'>Seleucus</span> <span class='ocrx_word' id='word_1_100' title='bbox 1539 1194 1616 1253; x_wconf 88' lang='lat' dir='ltr'>ab</span> <span class='ocrx_word' id='word_1_101' title='bbox 1654 1196 1932 1271; x_wconf 81' lang='lat' dir='ltr'>Apamea</span> <span class='ocrx_word' id='word_1_102' title='bbox 1971 1204 2224 1273; x_wconf 87' lang='lat' dir='ltr'>postero</span> 
     </span>
     <span class='ocr_line' id='line_1_13' title="bbox 252 1278 2222 1355; baseline 0.001 -17"><span class='ocrx_word' id='word_1_103' title='bbox 252 1279 361 1338; x_wconf 84' lang='lat' dir='ltr'>die</span> <span class='ocrx_word' id='word_1_104' title='bbox 400 1278 583 1339; x_wconf 85' lang='lat' dir='ltr'>venit.</span> <span class='ocrx_word' id='word_1_105' title='bbox 656 1292 879 1354; x_wconf 81' lang='lat' dir='ltr'>aegros</span> <span class='ocrx_word' id='word_1_106' title='bbox 909 1279 1051 1339; x_wconf 91' lang='lat' dir='ltr'>inde</span> <span class='ocrx_word' id='word_1_107' title='bbox 1082 1285 1141 1337; x_wconf 88' lang='lat' dir='ltr'>et</span> <span class='ocrx_word' id='word_1_108' title='bbox 1168 1278 1402 1339; x_wconf 86' lang='lat' dir='ltr'>inutilia</span> <span class='ocrx_word' id='word_1_109' title='bbox 1428 1279 1860 1353; x_wconf 86' lang='lat' dir='ltr'>impedimenta</span> <span class='ocrx_word' id='word_1_110' title='bbox 1887 1294 2028 1341; x_wconf 91' lang='lat' dir='ltr'>cum</span> <span class='ocrx_word' id='word_1_111' title='bbox 2056 1282 2222 1355; x_wconf 85' lang='lat' dir='ltr'>Apa·</span> 
     </span>
     <span class='ocr_line' id='line_1_14' title="bbox 259 1360 2222 1437; baseline 0.002 -16"><span class='ocrx_word' id='word_1_112' title='bbox 259 1377 459 1422; x_wconf 88' lang='lat' dir='ltr'>meam</span> <span class='ocrx_word' id='word_1_113' title='bbox 498 1361 861 1435; x_wconf 80' lang='lat' dir='ltr'>dimisisset,</span> <span class='ocrx_word' id='word_1_114' title='bbox 905 1360 1164 1423; x_wconf 87' lang='lat' dir='ltr'>ducibus</span> <span class='ocrx_word' id='word_1_115' title='bbox 1205 1362 1485 1423; x_wconf 83' lang='lat' dir='ltr'>itinerum</span> <span class='ocrx_word' id='word_1_116' title='bbox 1525 1363 1603 1423; x_wconf 89' lang='lat' dir='ltr'>ab</span> <span class='ocrx_word' id='word_1_117' title='bbox 1645 1360 1908 1423; x_wconf 83' lang='lat' dir='ltr'>Seleuco</span> <span class='ocrx_word' id='word_1_118' title='bbox 1950 1365 2222 1437; x_wconf 88' lang='lat' dir='ltr'>acceptis</span> 
     </span>
     <span class='ocr_line' id='line_1_15' title="bbox 254 1445 2224 1521; baseline 0 -16"><span class='ocrx_word' id='word_1_119' title='bbox 254 1447 576 1521; x_wconf 83' lang='lat' dir='ltr'>profectus</span> <span class='ocrx_word' id='word_1_120' title='bbox 606 1460 681 1506; x_wconf 88' lang='lat' dir='ltr'>eo</span> <span class='ocrx_word' id='word_1_121' title='bbox 715 1445 813 1506; x_wconf 90' lang='lat' dir='ltr'>die</span> <span class='ocrx_word' id='word_1_122' title='bbox 842 1446 903 1504; x_wconf 91' lang='lat' dir='ltr'>in</span> <span class='ocrx_word' id='word_1_123' title='bbox 930 1445 1468 1520; x_wconf 79' lang='lat' dir='ltr'>Metropolitanum</span> <span class='ocrx_word' id='word_1_124' title='bbox 1499 1461 1810 1521; x_wconf 89' lang='lat' dir='ltr'>campum,</span> <span class='ocrx_word' id='word_1_125' title='bbox 1843 1454 2094 1521; x_wconf 88' lang='lat' dir='ltr'>postero</span> <span class='ocrx_word' id='word_1_126' title='bbox 2125 1447 2224 1505; x_wconf 86' lang='lat' dir='ltr'>die</span> 
     </span>
     <span class='ocr_line' id='line_1_16' title="bbox 257 1527 2223 1607; baseline -0.002 -17"><span class='ocrx_word' id='word_1_127' title='bbox 257 1530 473 1591; x_wconf 89' lang='lat' dir='ltr'>Dinias</span> <span class='ocrx_word' id='word_1_128' title='bbox 482 1527 787 1605; x_wconf 76' lang='lat' dir='ltr'>Phrygiae</span> <span class='ocrx_word' id='word_1_129' title='bbox 810 1530 1135 1603; x_wconf 84' lang='lat' dir='ltr'>processit.</span> <span class='ocrx_word' id='word_1_130' title='bbox 1160 1528 1306 1605; x_wconf 88' lang='lat' dir='ltr'>inde</span> <span class='ocrx_word' id='word_1_131' title='bbox 1323 1529 1618 1607; x_wconf 80' lang='lat' dir='ltr'>Synnada</span> <span class='ocrx_word' id='word_1_132' title='bbox 1637 1531 1820 1601; x_wconf 87' lang='lat' dir='ltr'>venit,</span> <span class='ocrx_word' id='word_1_133' title='bbox 1845 1538 2010 1591; x_wconf 89' lang='lat' dir='ltr'>metu</span> <span class='ocrx_word' id='word_1_134' title='bbox 2031 1531 2223 1590; x_wconf 87' lang='lat' dir='ltr'>omni—</span> 
     </span>
     <span class='ocr_line' id='line_1_17' title="bbox 258 1610 2224 1689; baseline 0 -16"><span class='ocrx_word' id='word_1_135' title='bbox 258 1614 379 1673; x_wconf 89' lang='lat' dir='ltr'>bus</span> <span class='ocrx_word' id='word_1_136' title='bbox 430 1612 594 1671; x_wconf 86' lang='lat' dir='ltr'>circa</span> <span class='ocrx_word' id='word_1_137' title='bbox 644 1610 893 1687; x_wconf 86' lang='lat' dir='ltr'>oppidis</span> <span class='ocrx_word' id='word_1_138' title='bbox 935 1611 1217 1671; x_wconf 85' lang='lat' dir='ltr'>desertis.</span> <span class='ocrx_word' id='word_1_139' title='bbox 1293 1629 1556 1687; x_wconf 89' lang='lat' dir='ltr'>quorum</span> <span class='ocrx_word' id='word_1_140' title='bbox 1598 1614 1830 1689; x_wconf 87' lang='lat' dir='ltr'>praeda</span> <span class='ocrx_word' id='word_1_141' title='bbox 1875 1614 1996 1673; x_wconf 88' lang='lat' dir='ltr'>iam</span> <span class='ocrx_word' id='word_1_142' title='bbox 2033 1629 2224 1689; x_wconf 79' lang='lat' dir='ltr'>grave</span> 
     </span>
     <span class='ocr_line' id='line_1_18' title="bbox 252 1692 2220 1772; baseline 0.001 -17"><span class='ocrx_word' id='word_1_143' title='bbox 252 1710 482 1769; x_wconf 76' lang='lat' dir='ltr'>agmen</span> <span class='ocrx_word' id='word_1_144' title='bbox 526 1694 773 1755; x_wconf 83' lang='lat' dir='ltr'>trahens</span> <span class='ocrx_word' id='word_1_145' title='bbox 816 1694 919 1754; x_wconf 84' lang='lat' dir='ltr'>vix</span> <span class='ocrx_word' id='word_1_146' title='bbox 960 1692 1233 1770; x_wconf 89' lang='lat' dir='ltr'>quinque</span> <span class='ocrx_word' id='word_1_147' title='bbox 1274 1696 1505 1757; x_wconf 88' lang='lat' dir='ltr'>milium</span> <span class='ocrx_word' id='word_1_148' title='bbox 1547 1697 1649 1758; x_wconf 91' lang='lat' dir='ltr'>die</span> <span class='ocrx_word' id='word_1_149' title='bbox 1676 1703 1804 1758; x_wconf 86' lang='lat' dir='ltr'>toto</span> <span class='ocrx_word' id='word_1_150' title='bbox 1834 1698 2050 1759; x_wconf 86' lang='lat' dir='ltr'>itinere</span> <span class='ocrx_word' id='word_1_151' title='bbox 2080 1711 2220 1772; x_wconf 85' lang='lat' dir='ltr'>per-</span> 
     </span>
     <span class='ocr_line' id='line_1_19' title="bbox 256 1777 2221 1856; baseline 0.001 -19"><span class='ocrx_word' id='word_1_152' title='bbox 256 1780 423 1838; x_wconf 75' lang='lat' dir='ltr'>fecto</span> <span class='ocrx_word' id='word_1_153' title='bbox 454 1778 533 1837; x_wconf 89' lang='lat' dir='ltr'>ad</span> <span class='ocrx_word' id='word_1_154' title='bbox 554 1777 831 1849; x_wconf 84' lang='lat' dir='ltr'>Beudos‚.</span> <span class='ocrx_word' id='word_1_155' title='bbox 858 1778 1026 1853; x_wconf 82' lang='lat' dir='ltr'>quod</span> <span class='ocrx_word' id='word_1_156' title='bbox 1047 1785 1223 1839; x_wconf 86' lang='lat' dir='ltr'>vetus</span> <span class='ocrx_word' id='word_1_157' title='bbox 1254 1780 1582 1855; x_wconf 84' lang='lat' dir='ltr'>appellant,</span> <span class='ocrx_word' id='word_1_158' title='bbox 1615 1782 1912 1856; x_wconf 88' lang='lat' dir='ltr'>pervenit.</span> <span class='ocrx_word' id='word_1_159' title='bbox 1957 1780 2039 1841; x_wconf 88' lang='lat' dir='ltr'>ad</span> <span class='ocrx_word' id='word_1_160' title='bbox 2058 1781 2221 1840; x_wconf 85' lang='lat' dir='ltr'>Ana·</span> 
     </span>
     <span class='ocr_line' id='line_1_20' title="bbox 263 1852 2222 1935; baseline 0.004 -20"><span class='ocrx_word' id='word_1_161' title='bbox 263 1852 417 1921; x_wconf 68' lang='lat' dir='ltr'>‚bura</span> <span class='ocrx_word' id='word_1_162' title='bbox 456 1861 629 1935; x_wconf 91' lang='lat' dir='ltr'>inde,</span> <span class='ocrx_word' id='word_1_163' title='bbox 675 1869 737 1924; x_wconf 85' lang='lat' dir='ltr'>et</span> <span class='ocrx_word' id='word_1_164' title='bbox 762 1863 951 1923; x_wconf 81' lang='lat' dir='ltr'>altero</span> <span class='ocrx_word' id='word_1_165' title='bbox 984 1862 1087 1922; x_wconf 89' lang='lat' dir='ltr'>die</span> <span class='ocrx_word' id='word_1_166' title='bbox 1115 1864 1194 1924; x_wconf 86' lang='lat' dir='ltr'>ad</span> <span class='ocrx_word' id='word_1_167' title='bbox 1224 1864 1482 1925; x_wconf 88' lang='lat' dir='ltr'>Alandri</span> <span class='ocrx_word' id='word_1_168' title='bbox 1509 1866 1738 1935; x_wconf 79' lang='lat' dir='ltr'>sonteS‚</span> <span class='ocrx_word' id='word_1_169' title='bbox 1781 1864 1959 1924; x_wconf 85' lang='lat' dir='ltr'>tertio</span> <span class='ocrx_word' id='word_1_170' title='bbox 1989 1862 2070 1925; x_wconf 86' lang='lat' dir='ltr'>ad</span> <span class='ocrx_word' id='word_1_171' title='bbox 2097 1863 2222 1923; x_wconf 86' lang='lat' dir='ltr'>Ab·</span> 
     </span>
     <span class='ocr_line' id='line_1_21' title="bbox 255 1944 2225 2023; baseline 0.002 -19"><span class='ocrx_word' id='word_1_172' title='bbox 255 1944 535 2006; x_wconf 76' lang='lat' dir='ltr'>baseium</span> <span class='ocrx_word' id='word_1_173' title='bbox 563 1946 772 2021; x_wconf 85' lang='lat' dir='ltr'>posuit</span> <span class='ocrx_word' id='word_1_174' title='bbox 799 1954 1023 2008; x_wconf 87' lang='lat' dir='ltr'>castra.</span> <span class='ocrx_word' id='word_1_175' title='bbox 1064 1944 1146 2006; x_wconf 87' lang='lat' dir='ltr'>ibi</span> <span class='ocrx_word' id='word_1_176' title='bbox 1178 1948 1386 2023; x_wconf 84' lang='lat' dir='ltr'>plures</span> <span class='ocrx_word' id='word_1_177' title='bbox 1421 1947 1554 2006; x_wconf 89' lang='lat' dir='ltr'>dies</span> <span class='ocrx_word' id='word_1_178' title='bbox 1579 1946 1800 2006; x_wconf 87' lang='lat' dir='ltr'>stativa</span> <span class='ocrx_word' id='word_1_179' title='bbox 1819 1946 2048 2020; x_wconf 87' lang='lat' dir='ltr'>habuit,</span> <span class='ocrx_word' id='word_1_180' title='bbox 2082 1948 2225 2022; x_wconf 83' lang='lat' dir='ltr'>quia</span> 
     </span>
     <span class='ocr_line' id='line_1_22' title="bbox 254 2029 1684 2106; baseline -0.003 -15"><span class='ocrx_word' id='word_1_181' title='bbox 254 2037 623 2106; x_wconf 77' lang='lat' dir='ltr'>perventum</span> <span class='ocrx_word' id='word_1_182' title='bbox 652 2037 785 2088; x_wconf 87' lang='lat' dir='ltr'>erat</span> <span class='ocrx_word' id='word_1_183' title='bbox 812 2031 893 2090; x_wconf 88' lang='lat' dir='ltr'>ad</span> <span class='ocrx_word' id='word_1_184' title='bbox 920 2029 1478 2104; x_wconf 80' lang='lat' dir='ltr'>Tolistobogiorum</span> <span class='ocrx_word' id='word_1_185' title='bbox 1505 2030 1684 2090; x_wconf 86' lang='lat' dir='ltr'>fines.</span> 
     </span>
    </p>

    <p class='ocr_par' dir='ltr' id='par_1_5' title="bbox 252 2111 2222 3524">
     <span class='ocr_line' id='line_1_23' title="bbox 426 2111 2222 2190; baseline 0 -16"><span class='ocrx_word' id='word_1_186' title='bbox 426 2115 585 2174; x_wconf 91' lang='lat' dir='ltr'>XVI.</span> <span class='ocrx_word' id='word_1_187' title='bbox 629 2113 707 2174; x_wconf 90' lang='lat' dir='ltr'>Hi</span> <span class='ocrx_word' id='word_1_188' title='bbox 736 2111 921 2186; x_wconf 86' lang='lat' dir='ltr'>Galli,</span> <span class='ocrx_word' id='word_1_189' title='bbox 962 2127 1185 2186; x_wconf 80' lang='lat' dir='ltr'>magna</span> <span class='ocrx_word' id='word_1_190' title='bbox 1212 2112 1527 2173; x_wconf 87' lang='lat' dir='ltr'>hominum</span> <span class='ocrx_word' id='word_1_191' title='bbox 1554 2113 1678 2184; x_wconf 88' lang='lat' dir='ltr'>vis,</span> <span class='ocrx_word' id='word_1_192' title='bbox 1711 2129 1824 2174; x_wconf 90' lang='lat' dir='ltr'>seu</span> <span class='ocrx_word' id='word_1_193' title='bbox 1853 2113 2064 2190; x_wconf 90' lang='lat' dir='ltr'>inopia</span> <span class='ocrx_word' id='word_1_194' title='bbox 2093 2117 2222 2188; x_wconf 81' lang='lat' dir='ltr'>agri</span> 
     </span>
     <span class='ocr_line' id='line_1_24' title="bbox 254 2195 2220 2274; baseline -0.001 -17"><span class='ocrx_word' id='word_1_195' title='bbox 254 2213 371 2258; x_wconf 84' lang='lat' dir='ltr'>seu</span> <span class='ocrx_word' id='word_1_196' title='bbox 414 2198 685 2274; x_wconf 83' lang='lat' dir='ltr'>praedae</span> <span class='ocrx_word' id='word_1_197' title='bbox 722 2211 868 2270; x_wconf 90' lang='lat' dir='ltr'>spe,</span> <span class='ocrx_word' id='word_1_198' title='bbox 913 2195 1139 2256; x_wconf 85' lang='lat' dir='ltr'>nullam</span> <span class='ocrx_word' id='word_1_199' title='bbox 1180 2203 1450 2270; x_wconf 82' lang='lat' dir='ltr'>gentem,</span> <span class='ocrx_word' id='word_1_200' title='bbox 1493 2213 1608 2272; x_wconf 87' lang='lat' dir='ltr'>per</span> <span class='ocrx_word' id='word_1_201' title='bbox 1638 2211 1794 2272; x_wconf 88' lang='lat' dir='ltr'>quas</span> <span class='ocrx_word' id='word_1_202' title='bbox 1822 2195 1963 2257; x_wconf 86' lang='lat' dir='ltr'>ituri</span> <span class='ocrx_word' id='word_1_203' title='bbox 1992 2207 2220 2270; x_wconf 88' lang='lat' dir='ltr'>essent,</span> 
     </span>
     <span class='ocr_line' id='line_1_25' title="bbox 254 2279 2220 2358; baseline -0.001 -18"><span class='ocrx_word' id='word_1_204' title='bbox 254 2296 469 2358; x_wconf 83' lang='lat' dir='ltr'>parem</span> <span class='ocrx_word' id='word_1_205' title='bbox 498 2281 684 2341; x_wconf 85' lang='lat' dir='ltr'>armis</span> <span class='ocrx_word' id='word_1_206' title='bbox 712 2279 857 2354; x_wconf 85' lang='lat' dir='ltr'>rati,</span> <span class='ocrx_word' id='word_1_207' title='bbox 886 2280 1131 2340; x_wconf 85' lang='lat' dir='ltr'>Brenno</span> <span class='ocrx_word' id='word_1_208' title='bbox 1164 2279 1411 2339; x_wconf 90' lang='lat' dir='ltr'>ducein</span> <span class='ocrx_word' id='word_1_209' title='bbox 1439 2279 1762 2340; x_wconf 87' lang='lat' dir='ltr'>Dardanos</span> <span class='ocrx_word' id='word_1_210' title='bbox 1792 2289 2220 2355; x_wconf 85' lang='lat' dir='ltr'>pervenerunt.</span> 
     </span>
     <span class='ocr_line' id='line_1_26' title="bbox 258 2360 2220 2438; baseline 0.001 -14"><span class='ocrx_word' id='word_1_211' title='bbox 258 2365 342 2426; x_wconf 86' lang='lat' dir='ltr'>ibi</span> <span class='ocrx_word' id='word_1_212' title='bbox 370 2365 589 2425; x_wconf 89' lang='lat' dir='ltr'>seditio</span> <span class='ocrx_word' id='word_1_213' title='bbox 622 2372 771 2436; x_wconf 88' lang='lat' dir='ltr'>orta,</span> <span class='ocrx_word' id='word_1_214' title='bbox 811 2371 875 2424; x_wconf 87' lang='lat' dir='ltr'>et</span> <span class='ocrx_word' id='word_1_215' title='bbox 902 2362 983 2423; x_wconf 89' lang='lat' dir='ltr'>ad</span> <span class='ocrx_word' id='word_1_216' title='bbox 1011 2360 1225 2438; x_wconf 80' lang='lat' dir='ltr'>viginti</span> <span class='ocrx_word' id='word_1_217' title='bbox 1252 2362 1417 2422; x_wconf 88' lang='lat' dir='ltr'>milia</span> <span class='ocrx_word' id='word_1_218' title='bbox 1444 2362 1758 2424; x_wconf 88' lang='lat' dir='ltr'>hominum</span> <span class='ocrx_word' id='word_1_219' title='bbox 1789 2378 1927 2424; x_wconf 91' lang='lat' dir='ltr'>cum</span> <span class='ocrx_word' id='word_1_220' title='bbox 1951 2363 2220 2426; x_wconf 86' lang='lat' dir='ltr'>Lonorio</span> 
     </span>
     <span class='ocr_line' id='line_1_27' title="bbox 253 2445 2218 2522; baseline -0.001 -14"><span class='ocrx_word' id='word_1_221' title='bbox 253 2463 331 2508; x_wconf 85' lang='lat' dir='ltr'>ac</span> <span class='ocrx_word' id='word_1_222' title='bbox 358 2448 605 2510; x_wconf 85' lang='lat' dir='ltr'>Lutario</span> <span class='ocrx_word' id='word_1_223' title='bbox 634 2446 863 2522; x_wconf 82' lang='lat' dir='ltr'>regulis</span> <span class='ocrx_word' id='word_1_224' title='bbox 894 2446 1255 2507; x_wconf 88' lang='lat' dir='ltr'>secessione</span> <span class='ocrx_word' id='word_1_225' title='bbox 1284 2447 1446 2507; x_wconf 82' lang='lat' dir='ltr'>facta</span> <span class='ocrx_word' id='word_1_226' title='bbox 1473 2463 1510 2506; x_wconf 88' lang='lat' dir='ltr'>a</span> <span class='ocrx_word' id='word_1_227' title='bbox 1535 2447 1782 2508; x_wconf 89' lang='lat' dir='ltr'>Brenno</span> <span class='ocrx_word' id='word_1_228' title='bbox 1813 2446 1873 2506; x_wconf 91' lang='lat' dir='ltr'>in</span> <span class='ocrx_word' id='word_1_229' title='bbox 1901 2445 2218 2508; x_wconf 83' lang='lat' dir='ltr'>Thraciam</span> 
     </span>
     <span class='ocr_line' id='line_1_28' title="bbox 252 2529 2220 2607; baseline -0.001 -15"><span class='ocrx_word' id='word_1_230' title='bbox 252 2537 373 2592; x_wconf 70' lang='lat' dir='ltr'>iter</span> <span class='ocrx_word' id='word_1_231' title='bbox 398 2539 695 2593; x_wconf 87' lang='lat' dir='ltr'>avertunt.</span> <span class='ocrx_word' id='word_1_232' title='bbox 742 2529 847 2591; x_wconf 88' lang='lat' dir='ltr'>ubi</span> <span class='ocrx_word' id='word_1_233' title='bbox 876 2546 1014 2591; x_wconf 90' lang='lat' dir='ltr'>cum</span> <span class='ocrx_word' id='word_1_234' title='bbox 1040 2530 1468 2591; x_wconf 87' lang='lat' dir='ltr'>resistentibus</span> <span class='ocrx_word' id='word_1_235' title='bbox 1490 2531 1844 2606; x_wconf 79' lang='lat' dir='ltr'>pugnandO,</span> <span class='ocrx_word' id='word_1_236' title='bbox 1875 2545 2090 2607; x_wconf 87' lang='lat' dir='ltr'>pacem</span> <span class='ocrx_word' id='word_1_237' title='bbox 2115 2547 2220 2606; x_wconf 89' lang='lat' dir='ltr'>pe-</span> 
     </span>
     <span class='ocr_line' id='line_1_29' title="bbox 252 2613 2220 2692; baseline 0.001 -18"><span class='ocrx_word' id='word_1_238' title='bbox 252 2615 524 2678; x_wconf 81' lang='lat' dir='ltr'>tentibus</span> <span class='ocrx_word' id='word_1_239' title='bbox 553 2615 923 2690; x_wconf 86' lang='lat' dir='ltr'>stipendium</span> <span class='ocrx_word' id='word_1_240' title='bbox 950 2613 1324 2690; x_wconf 89' lang='lat' dir='ltr'>imponendo</span> <span class='ocrx_word' id='word_1_241' title='bbox 1345 2614 1709 2692; x_wconf 80' lang='lat' dir='ltr'>Byzantium</span> <span class='ocrx_word' id='word_1_242' title='bbox 1739 2629 1874 2674; x_wconf 89' lang='lat' dir='ltr'>cum</span> <span class='ocrx_word' id='word_1_243' title='bbox 1905 2615 2220 2690; x_wconf 90' lang='lat' dir='ltr'>pervenis-</span> 
     </span>
     <span class='ocr_line' id='line_1_30' title="bbox 252 2697 2218 2774; baseline 0.001 -16"><span class='ocrx_word' id='word_1_244' title='bbox 252 2707 423 2771; x_wconf 85' lang='lat' dir='ltr'>sent,</span> <span class='ocrx_word' id='word_1_245' title='bbox 468 2698 844 2774; x_wconf 86' lang='lat' dir='ltr'>aliquamdiu</span> <span class='ocrx_word' id='word_1_246' title='bbox 888 2714 1059 2760; x_wconf 88' lang='lat' dir='ltr'>oram</span> <span class='ocrx_word' id='word_1_247' title='bbox 1097 2697 1492 2774; x_wconf 85' lang='lat' dir='ltr'>Propontidis</span> <span class='ocrx_word' id='word_1_248' title='bbox 1533 2697 1892 2774; x_wconf 79' lang='lat' dir='ltr'>vectigalem</span> <span class='ocrx_word' id='word_1_249' title='bbox 1933 2697 2218 2760; x_wconf 87' lang='lat' dir='ltr'>habendo</span> 
     </span>
     <span class='ocr_line' id='line_1_31' title="bbox 252 2781 2220 2861; baseline 0.001 -20"><span class='ocrx_word' id='word_1_250' title='bbox 252 2782 523 2858; x_wconf 73' lang='lat' dir='ltr'>regionIs</span> <span class='ocrx_word' id='word_1_251' title='bbox 551 2783 685 2844; x_wconf 89' lang='lat' dir='ltr'>eius</span> <span class='ocrx_word' id='word_1_252' title='bbox 708 2783 895 2844; x_wconf 88' lang='lat' dir='ltr'>urbes</span> <span class='ocrx_word' id='word_1_253' title='bbox 918 2782 1326 2844; x_wconf 88' lang='lat' dir='ltr'>obtinuerunt.</span> <span class='ocrx_word' id='word_1_254' title='bbox 1372 2781 1597 2858; x_wconf 85' lang='lat' dir='ltr'>cupido</span> <span class='ocrx_word' id='word_1_255' title='bbox 1619 2783 1764 2861; x_wconf 89' lang='lat' dir='ltr'>inde</span> <span class='ocrx_word' id='word_1_256' title='bbox 1785 2797 1897 2844; x_wconf 91' lang='lat' dir='ltr'>eos</span> <span class='ocrx_word' id='word_1_257' title='bbox 1922 2782 1984 2842; x_wconf 88' lang='lat' dir='ltr'>in</span> <span class='ocrx_word' id='word_1_258' title='bbox 2007 2781 2220 2844; x_wconf 88' lang='lat' dir='ltr'>Asiam</span> 
     </span>
     <span class='ocr_line' id='line_1_32' title="bbox 252 2866 2218 2942; baseline 0 -16"><span class='ocrx_word' id='word_1_259' title='bbox 252 2866 644 2941; x_wconf 83' lang='lat' dir='ltr'>transeundi,</span> <span class='ocrx_word' id='word_1_260' title='bbox 686 2867 987 2929; x_wconf 88' lang='lat' dir='ltr'>audientis</span> <span class='ocrx_word' id='word_1_261' title='bbox 1018 2882 1096 2926; x_wconf 81' lang='lat' dir='ltr'>ex</span> <span class='ocrx_word' id='word_1_262' title='bbox 1126 2867 1509 2942; x_wconf 86' lang='lat' dir='ltr'>propinquo,</span> <span class='ocrx_word' id='word_1_263' title='bbox 1553 2873 1780 2942; x_wconf 87' lang='lat' dir='ltr'>quanta</span> <span class='ocrx_word' id='word_1_264' title='bbox 1805 2867 2055 2928; x_wconf 86' lang='lat' dir='ltr'>ubertas</span> <span class='ocrx_word' id='word_1_265' title='bbox 2086 2867 2218 2926; x_wconf 91' lang='lat' dir='ltr'>eius</span> 
     </span>
     <span class='ocr_line' id='line_1_33' title="bbox 252 2949 2217 3030; baseline 0.001 -22"><span class='ocrx_word' id='word_1_266' title='bbox 252 2959 457 3010; x_wconf 80' lang='lat' dir='ltr'>terrae</span> <span class='ocrx_word' id='word_1_267' title='bbox 496 2959 694 3021; x_wconf 90' lang='lat' dir='ltr'>esset,</span> <span class='ocrx_word' id='word_1_268' title='bbox 744 2951 937 3026; x_wconf 83' lang='lat' dir='ltr'>cepit;</span> <span class='ocrx_word' id='word_1_269' title='bbox 980 2958 1043 3010; x_wconf 87' lang='lat' dir='ltr'>et</span> <span class='ocrx_word' id='word_1_270' title='bbox 1071 2949 1464 3030; x_wconf 74' lang='lat' dir='ltr'>Lysimachia</span> <span class='ocrx_word' id='word_1_271' title='bbox 1503 2950 1720 3011; x_wconf 83' lang='lat' dir='ltr'>fraude</span> <span class='ocrx_word' id='word_1_272' title='bbox 1748 2957 1929 3024; x_wconf 86' lang='lat' dir='ltr'>capta</span> <span class='ocrx_word' id='word_1_273' title='bbox 1958 2949 2217 3009; x_wconf 87' lang='lat' dir='ltr'>Cherso-</span> 
     </span>
     <span class='ocr_line' id='line_1_34' title="bbox 256 3031 2216 3107; baseline 0.001 -18"><span class='ocrx_word' id='word_1_274' title='bbox 256 3045 541 3106; x_wconf 84' lang='lat' dir='ltr'>nesoque</span> <span class='ocrx_word' id='word_1_275' title='bbox 582 3033 745 3093; x_wconf 89' lang='lat' dir='ltr'>omni</span> <span class='ocrx_word' id='word_1_276' title='bbox 785 3031 969 3092; x_wconf 89' lang='lat' dir='ltr'>armis</span> <span class='ocrx_word' id='word_1_277' title='bbox 1010 3049 1314 3107; x_wconf 86' lang='lat' dir='ltr'>possessa</span> <span class='ocrx_word' id='word_1_278' title='bbox 1354 3033 1436 3092; x_wconf 89' lang='lat' dir='ltr'>ad</span> <span class='ocrx_word' id='word_1_279' title='bbox 1459 3033 1924 3106; x_wconf 88' lang='lat' dir='ltr'>Hellespontum</span> <span class='ocrx_word' id='word_1_280' title='bbox 1959 3032 2216 3091; x_wconf 88' lang='lat' dir='ltr'>descen-</span> 
     </span>
     <span class='ocr_line' id='line_1_35' title="bbox 257 3113 2217 3190; baseline 0 -16"><span class='ocrx_word' id='word_1_281' title='bbox 257 3115 497 3175; x_wconf 86' lang='lat' dir='ltr'>derunt.</span> <span class='ocrx_word' id='word_1_282' title='bbox 560 3114 644 3174; x_wconf 88' lang='lat' dir='ltr'>ibi</span> <span class='ocrx_word' id='word_1_283' title='bbox 671 3130 821 3176; x_wconf 87' lang='lat' dir='ltr'>vero</span> <span class='ocrx_word' id='word_1_284' title='bbox 854 3115 1076 3189; x_wconf 82' lang='lat' dir='ltr'>exiguo</span> <span class='ocrx_word' id='word_1_285' title='bbox 1107 3115 1370 3175; x_wconf 87' lang='lat' dir='ltr'>divisam</span> <span class='ocrx_word' id='word_1_286' title='bbox 1397 3114 1556 3174; x_wconf 83' lang='lat' dir='ltr'>freto</span> <span class='ocrx_word' id='word_1_287' title='bbox 1585 3115 1976 3177; x_wconf 87' lang='lat' dir='ltr'>cernentibus</span> <span class='ocrx_word' id='word_1_288' title='bbox 2003 3113 2217 3190; x_wconf 68' lang='lat' dir='ltr'>Asiam</span> 
     </span>
     <span class='ocr_line' id='line_1_36' title="bbox 257 3196 2217 3274; baseline 0.001 -18"><span class='ocrx_word' id='word_1_289' title='bbox 257 3199 447 3259; x_wconf 85' lang='lat' dir='ltr'>multo</span> <span class='ocrx_word' id='word_1_290' title='bbox 488 3197 687 3274; x_wconf 82' lang='lat' dir='ltr'>magis</span> <span class='ocrx_word' id='word_1_291' title='bbox 732 3197 914 3258; x_wconf 84' lang='lat' dir='ltr'>animi</span> <span class='ocrx_word' id='word_1_292' title='bbox 944 3199 1023 3258; x_wconf 88' lang='lat' dir='ltr'>ad</span> <span class='ocrx_word' id='word_1_293' title='bbox 1052 3197 1494 3258; x_wconf 85' lang='lat' dir='ltr'>transeundum</span> <span class='ocrx_word' id='word_1_294' title='bbox 1521 3196 1800 3268; x_wconf 81' lang='lat' dir='ltr'>accensi;</span> <span class='ocrx_word' id='word_1_295' title='bbox 1845 3196 2217 3274; x_wconf 86' lang='lat' dir='ltr'>nuntiosque</span> 
     </span>
     <span class='ocr_line' id='line_1_37' title="bbox 252 3280 2214 3358; baseline 0.001 -18"><span class='ocrx_word' id='word_1_296' title='bbox 252 3280 339 3340; x_wconf 81' lang='lat' dir='ltr'>ad</span> <span class='ocrx_word' id='word_1_297' title='bbox 358 3281 743 3357; x_wconf 87' lang='lat' dir='ltr'>Antipatrum</span> <span class='ocrx_word' id='word_1_298' title='bbox 772 3282 1161 3358; x_wconf 75' lang='lat' dir='ltr'>praefectum·</span> <span class='ocrx_word' id='word_1_299' title='bbox 1174 3281 1308 3343; x_wconf 89' lang='lat' dir='ltr'>eius</span> <span class='ocrx_word' id='word_1_300' title='bbox 1333 3296 1480 3343; x_wconf 87' lang='lat' dir='ltr'>orae</span> <span class='ocrx_word' id='word_1_301' title='bbox 1503 3282 1582 3342; x_wconf 88' lang='lat' dir='ltr'>de</span> <span class='ocrx_word' id='word_1_302' title='bbox 1602 3281 1860 3343; x_wconf 88' lang='lat' dir='ltr'>transitu</span> <span class='ocrx_word' id='word_1_303' title='bbox 1883 3281 2214 3344; x_wconf 86' lang='lat' dir='ltr'>mittebant.</span> 
     </span>
     <span class='ocr_line' id='line_1_38' title="bbox 256 3365 2214 3443; baseline 0.002 -17"><span class='ocrx_word' id='word_1_304' title='bbox 256 3381 421 3439; x_wconf 85' lang='lat' dir='ltr'>quae</span> <span class='ocrx_word' id='word_1_305' title='bbox 447 3381 553 3428; x_wconf 91' lang='lat' dir='ltr'>res</span> <span class='ocrx_word' id='word_1_306' title='bbox 583 3381 719 3428; x_wconf 89' lang='lat' dir='ltr'>cum</span> <span class='ocrx_word' id='word_1_307' title='bbox 746 3365 969 3428; x_wconf 87' lang='lat' dir='ltr'>lentius</span> <span class='ocrx_word' id='word_1_308' title='bbox 998 3382 1115 3442; x_wconf 89' lang='lat' dir='ltr'>spe</span> <span class='ocrx_word' id='word_1_309' title='bbox 1143 3366 1822 3443; x_wconf 76' lang='lat' dir='ltr'>ipsorumtraherctur,</span> <span class='ocrx_word' id='word_1_310' title='bbox 1853 3366 1972 3428; x_wconf 91' lang='lat' dir='ltr'>alia</span> <span class='ocrx_word' id='word_1_311' title='bbox 1997 3382 2214 3430; x_wconf 85' lang='lat' dir='ltr'>rursus</span> 
     </span>
     <span class='ocr_line' id='line_1_39' title="bbox 257 3447 2217 3524; baseline 0.002 -15"><span class='ocrx_word' id='word_1_312' title='bbox 257 3465 420 3510; x_wconf 87' lang='lat' dir='ltr'>nova</span> <span class='ocrx_word' id='word_1_313' title='bbox 450 3451 606 3512; x_wconf 86' lang='lat' dir='ltr'>inter</span> <span class='ocrx_word' id='word_1_314' title='bbox 634 3447 901 3524; x_wconf 69' lang='lat' dir='ltr'>regulos·</span> <span class='ocrx_word' id='word_1_315' title='bbox 914 3450 1135 3513; x_wconf 88' lang='lat' dir='ltr'>seditio</span> <span class='ocrx_word' id='word_1_316' title='bbox 1167 3459 1300 3513; x_wconf 90' lang='lat' dir='ltr'>orta</span> <span class='ocrx_word' id='word_1_317' title='bbox 1329 3458 1442 3512; x_wconf 89' lang='lat' dir='ltr'>est.</span> <span class='ocrx_word' id='word_1_318' title='bbox 1504 3449 1808 3512; x_wconf 88' lang='lat' dir='ltr'>Lonorius</span> <span class='ocrx_word' id='word_1_319' title='bbox 1835 3458 2020 3524; x_wconf 86' lang='lat' dir='ltr'>retro,</span> <span class='ocrx_word' id='word_1_320' title='bbox 2051 3450 2217 3512; x_wconf 87' lang='lat' dir='ltr'>unde</span> 
     </span>
    </p>
   </div>
  </div>
 </body>
</html>
