2548 3950
473 237 707 296 LIBER
733 235 942 296 XXXI.
991 237 1156 296 CAP.
1180 245 1266 300 31.
1292 245 1377 300 32.
1402 245 1488 298 33.
1536 245 1609 311 [a.
1636 245 1701 296 C.
1722 244 1849 312 200]
2052 245 2136 303 29

180 399 485 464 tatemque
516 395 788 448 nostram
819 387 1062 448 fortuna
1090 386 1296 448 oblata
1326 395 1436 464 est,
1468 389 1586 448 nisi
1616 390 1819 465 perire
1842 406 1980 451 cum
1999 391 2135 451 Phi-

179 476 347 550 lippo
381 488 564 548 quam
587 471 836 531 vincere
865 485 1003 532 cum
1031 471 1323 534 Romanis
1354 473 1699 532 mavultiS.“

342 556 578 617 XXXII.
622 555 790 616 Haec
819 554 980 616 dicta
1007 553 1085 614 ab
1107 556 1385 616 Romano
1410 571 1546 616 eum
1573 563 1800 631 essent,
1831 558 2133 621 inclinatis

177 642 445 704 omnium
482 639 702 700 animis
743 639 824 698 ‘ad
852 639 1167 701 Romanos
1194 640 1581 701 Damocritus
1610 649 1859 716 praetor
1884 645 2134 704 Aetolo-

175 743 308 786 rum
332 723 627 800 pecunia,
668 729 738 783 ut
764 725 928 783 fama
955 729 1080 797 est,
1126 723 1202 784 ab
1230 739 1378 798 rege
1406 731 1662 800 accepta
1686 724 1836 784 nihil
1866 733 1969 787 aut
1992 727 2137 788 huic

176 815 286 871 aut
321 809 406 868 illi
449 807 606 883 parti
647 807 982 882 adsensus,
1033 823 1164 866 rem
1205 808 1408 882 magni
1453 809 1819 869 discriminis
1862 811 2135 872 consiliis

177 894 405 954 nullam
446 906 590 952 esse
627 895 752 950 tam
791 890 1092 951 inimicam
1137 903 1321 966 quam
1350 893 1717 953 celeritatem
1748 893 1929 963 dixit;
1976 897 2135 955 cele-

175 993 306 1037 rem
334 977 494 1036 enim
523 974 975 1051 paenitentiam,
1009 975 1122 1035 sed
1153 975 1412 1035 eandem
1436 989 1637 1035 seram
1660 981 1846 1050 atque
1867 978 2136 1036 inutilem

178 1061 391 1137 sequi,
442 1074 578 1119 cum
627 1058 1024 1134 praecipitata
1060 1059 1281 1134 raptim
1321 1059 1578 1120 consilia
1615 1074 1819 1134 neque
1858 1061 2139 1121 revocari

175 1160 378 1220 neque
428 1144 490 1204 in
519 1144 828 1218 integrum
875 1142 1111 1205 restitui
1151 1143 1423 1217 possint:
1488 1143 1942 1205 deliberationis
1982 1146 2135 1220 eiuS,

178 1230 354 1289 cuius
407 1227 546 1303 ipse
593 1227 996 1287 maturitatem
1045 1228 1527 1302 exspectandam
1576 1234 1843 1303 putaret,
1893 1234 2137 1303 tempus

175 1314 256 1373 ita
285 1313 408 1372 iam
439 1327 603 1374 nunc
635 1311 818 1371 statui
852 1326 1074 1385 posse:
1120 1325 1258 1370 cum
1287 1310 1526 1387 legibus
1556 1317 1799 1370 cautum
1831 1317 2026 1385 esset,
2059 1329 2137 1372 ne

177 1398 253 1458 de
295 1409 450 1472 pace
492 1396 780 1470 belloque
824 1395 941 1454 nisi
983 1395 1041 1453 in
1068 1394 1457 1455 Panaetolico
1502 1401 1563 1452 et
1586 1393 1838 1470 Pylaico
1877 1396 2137 1456 concilio

176 1488 493 1556 ageretur,
538 1481 942 1539 decernerent
983 1480 1324 1554 extemplo,
1368 1485 1434 1538 ut
1463 1484 1709 1552 praetor
1738 1480 1873 1537 sine
1900 1479 2137 1548 fraude,

176 1580 314 1627 cum
358 1565 437 1625 de
478 1563 638 1624 bello
682 1570 742 1623 et
781 1577 938 1638 pace
967 1579 1152 1638 agere
1177 1562 1351 1639 velit,
1394 1562 1656 1622 advocet
1684 1563 2037 1638 concilium,
2078 1572 2140 1625 ct

177 1649 347 1725 quod
375 1656 504 1711 tum
530 1647 829 1709 referatur
857 1647 1360 1724 decernaturque,
1404 1656 1471 1709 ut
1499 1645 1757 1719 perinde
1784 1647 1882 1707 ius
1910 1654 2135 1708 ratum·
2243 1673 2247 1677 ⁷

177 1749 297 1810 que
339 1733 446 1808 sit,
491 1748 565 1792 ac
605 1730 749 1791 siin
778 1729 1165 1794 Panaetolico
1209 1741 1313 1794 aut
1338 1732 1589 1812 Pylaico
1633 1731 1904 1796 concilio
1936 1739 2137 1792 actum

172 1823 362 1879 esset.
420 1815 690 1876 dimissis
719 1815 802 1875 ita
831 1831 1142 1890 suspensa
1168 1832 1238 1876 re
1264 1818 1481 1892 legatis
1512 1819 1758 1894 egregie
1787 1817 2137 1880 consultum

171 1901 337 1979 genti
367 1899 598 1961 aiebatz
641 1915 782 1960 nam
810 1899 1004 1960 utrius
1032 1901 1228 1978 partis
1259 1903 1475 1963 melior
1503 1903 1747 1964 fortuna
1776 1903 1919 1962 belli
1948 1908 2136 1979 esset,

169 1986 254 2047 ad
280 1986 419 2047 eius
449 1985 802 2047 societatem
843 1986 1260 2047 inclinaturos.
1318 1986 1473 2048 haec
1502 1988 1561 2047 in
1594 1988 1855 2049 concilio
1886 1989 2134 2050 Aetolo·

167 2086 306 2132 rum
335 2075 490 2131 acta.

341 2154 606 2215 XXXIII.
668 2153 986 2229 Philippus
1037 2154 1296 2230 impigre
1348 2163 1508 2216 terra
1554 2155 1831 2229 marique
1881 2155 2138 2230 parabat

173 2237 718 2309 bellum;·‘·navalis
763 2238 976 2314 copias
1006 2238 1453 2299 Demetriadem
1494 2238 1553 2296 in
1582 2237 1960 2297 Thessaliam
1990 2253 2134 2298 con·

171 2322 468 2383 trahebat.
532 2322 802 2383 Attalum
827 2322 1295 2397 Romanamque
1336 2322 1598 2380 classem
1638 2320 1940 2396 principio
1968 2321 2135 2382 veris

173 2406 248 2466 ab
289 2406 530 2481 Aegina
576 2404 746 2467 ratus
795 2414 1066 2468 moturos
1083 2452 1098 2480 ,
1150 2403 1411 2465 navibus
1461 2404 1939 2481 maritumaeque
1990 2422 2141 2468 orae

171 2491 470 2566 praefecit
494 2490 896 2567 Heraclidam,
930 2505 1110 2566 quem
1142 2498 1204 2551 et
1232 2497 1371 2550 ante
1400 2490 1810 2567 praefecerat=
1854 2490 1993 2566 ipse
2014 2498 2135 2551 ter·-

167 2574 384 2636 restris
417 2574 632 2649 copIas
666 2573 1080 2651 comparabat,
1111 2589 1335 2649 magna
1357 2590 1426 2634 se
1448 2575 1572 2634 duo
1597 2574 1821 2635 auxilia
1841 2576 2134 2637 Romanis

169 2658 518 2719 detraxisse
548 2658 810 2719 credens
827 2706 842 2734 ,
873 2676 952 2719 ex
980 2674 1103 2719 una
1131 2666 1305 2734 parte
1330 2660 1621 2731 AetoIOS,
1654 2674 1732 2718 ex
1768 2660 1959 2719 altera
1984 2661 2134 2720 Dar·

170 2744 404 2816 danos,
448 2742 727 2827 faucibus
758 2744 838 2803 ad
864 2743 1256 2818 Pelagoniam
1285 2760 1323 2802 a
1351 2743 1476 2803 filio
1506 2741 1735 2804 Perseo
1765 2743 2133 2805 interclusis.

167 2826 248 2887 ab
278 2827 536 2889 consule
568 2841 708 2888 non·
727 2829 1060 2903 parabatur
1089 2827 1202 2888 sed
1230 2826 1559 2902 gerebatur
1588 2827 1707 2887 iam
1734 2826 1979 2888 bellum.
2026 2844 2137 2904 per
2168 2854 2171 2856 Α

165 2911 660 2973 Dassaretiorum
689 2912 846 2972 fines
877 2911 1210 2972 exercitum
1223 2911 1517 2984 ducebat,
1571 2913 1934 2973 frumentum
1968 2915 2134 2989 quod

165 3009 264 3073 ex,
289 2993 562 3055 hibernis
603 2996 932 3071 extulerat,
983 2996 1296 3071 integrum·
1323 2994 1587 3070 vehcnS,
1644 2998 1811 3070 quod
1851 2997 1912 3057 in
1955 3013 2135 3057 usum

164 3078 339 3139 militi
371 3079 522 3139 satis
553 3086 739 3155 esset,
769 3078 1205 3153 praebentibus
1235 3080 1420 3155 agris.
1467 3079 1710 3155 oppida·
1727 3080 1974 3155 vicique
1994 3096 2133 3156 par·

163 3162 272 3223 tim
313 3163 627 3224 voluntate
667 3163 1080 3239 partim'metu
1107 3177 1178 3223 se
1207 3164 1562 3233 tradebant;
1604 3162 1909 3237 quaedam
1936 3164 1997 3223 vi
2027 3179 2133 3223 ex·

165 3254 472 3322 pugnata,
525 3248 830 3323 quaedam
878 3248 1126 3307 deserta
1165 3248 1227 3307 in
1269 3247 1495 3307 montis
1537 3246 1927 3322 propinquos
1968 3248 2133 3310 resu-

164 3330 472 3405 gientibus
535 3330 816 3393 barbaris
883 3330 1365 3392 inveniebantur.
1449 3330 1530 3389 ad
1582 3329 1862 3408 Lyncum
1916 3333 2133 3395 stativa

163 3412 380 3488 posuit
433 3428 634 3491 prope
683 3414 912 3477 flumen
962 3416 1224 3474 Bevum=
1296 3413 1440 3473 inde
1492 3413 1917 3478 frumentatum
1971 3417 2134 3478 circa

164 3496 392 3560 horrea
447 3498 940 3561 Dassaretiorum
993 3498 1281 3559 mittebat.
1364 3493 1685 3577 Philippus
1742 3508 2133 3563 consternata
