2548 3950
561 241 794 303 LIBER
821 242 1060 303 XXXV.
1108 242 1271 303 CAP.
1297 252 1384 305 25.
1407 252 1495 308 26.
1518 251 1606 307 27.
1654 250 1726 318 [a.
1751 251 1817 302 C.
1842 251 1964 318 192]
2115 246 2239 309 1¹97

274 403 524 473 posset:
585 394 698 455 sed
737 400 1045 468 metuens,
1090 408 1169 453 ne
1210 394 1558 455 dilationem
1596 410 1698 455 res
1740 410 1865 456 non
1908 403 2237 473 pateretur,

273 487 339 540 et
374 495 500 541 non
543 476 836 556 Gythium
871 479 1072 539 solum
1113 478 1228 538 sed
1269 477 1647 553 praesidium
1690 494 1939 556 quoque
1980 481 2239 542 missum

275 566 358 624 ad
381 562 672 625 tuendam
692 560 908 622 urbem
929 562 1319 637 amitteretur,
1343 576 1537 622 naves
1549 561 1939 625 Achaeorum
1962 564 2236 626 deduxit.

273 648 491 709 XXVI.
549 652 1014 720 comparaverat
1051 652 1112 706 et
1150 651 1450 725 tyrannus
1488 644 1795 707 modicam
1846 648 2110 708 classem
2156 650 2239 709 ad

276 729 690 808 prohibenda,
734 729 790 789 si
819 745 943 805 qua
970 728 1252 790 obsessis
1280 729 1433 789 mari
1473 728 2015 806 summitterentur,
2058 747 2239 806 prae-

277 816 454 889 sidia,
477 821 603 873 tres
627 819 820 875 tectas
843 828 1037 873 naves
1061 818 1122 872 et
1141 812 1379 875 lembos
1403 812 1755 888 pristisque,
1788 813 2009 875 tradita
2028 820 2239 879 vetere

277 900 481 959 classe
511 913 590 957 ex
620 897 870 957 foedere
898 896 1210 957 Romanis.
1265 895 1483 955 harum
1512 911 1809 957 novarum
1836 903 1965 957 tum
1991 898 2237 959 navium

277 982 604 1057 agilitatem
642 987 711 1040 ut
749 980 1159 1056 experiretur,
1205 978 1387 1040 simul
1426 986 1494 1039 ut
1535 980 1739 1040 omnia
1779 981 1930 1041 satis
1974 988 2116 1057 apta
2156 983 2235 1045 ad

279 1073 588 1137 certamen
631 1071 870 1139 essent,
924 1068 1254 1139 provectos
1297 1062 1359 1123 in
1402 1064 1587 1124 altum
1632 1063 1905 1139 quotidie
1944 1064 2239 1139 remigem

277 1148 652 1224 militemque
692 1146 1034 1208 simulacris
1075 1148 1313 1208 navalis
1356 1162 1600 1223 pugnae
1648 1146 2003 1221 exercebat,
2054 1148 2116 1207 in
2162 1163 2239 1209 eo

274 1242 452 1295 ratus
479 1232 635 1293 verti
662 1246 842 1306 spem
870 1230 1242 1305 obsidioniS,
1284 1232 1339 1291 si
1382 1231 1693 1307 praesidia
1720 1231 2018 1291 maritima
2056 1232 2236 1294 inter-

279 1318 584 1379 clusisset.
632 1321 880 1392 praetor
905 1314 1299 1375 Achaeorum
1341 1316 1502 1375 sicut
1538 1313 1917 1376 terrestrium
1961 1316 2237 1376 certami-

277 1417 424 1462 num
457 1406 586 1461 arte
615 1399 893 1475 quemvis
925 1399 1227 1459 clarorum
1269 1398 1701 1474 imperatorum
1741 1399 1841 1457 vel
1869 1414 1991 1460 usu
2017 1399 2119 1459 vel
2147 1400 2237 1459 in-

277 1485 460 1559 genio
491 1482 823 1559 aequabat,
854 1482 938 1543 ita
963 1481 1136 1542 rudis
1166 1483 1227 1542 in
1255 1498 1325 1541 re
1355 1481 1554 1541 navali
1584 1488 1742 1555 erat,
1775 1481 2007 1557 Arcas,
2047 1482 2229 1542 medi·

278 1577 600 1629 terraneus
627 1566 842 1640 home,
875 1572 1266 1627 externorum
1295 1568 1475 1627 etiam
1505 1565 1806 1638 omnium,
1833 1565 1952 1625 nisi
1982 1566 2155 1641 quod
2175 1566 2233 1627 in

281 1652 458 1712 Creta
498 1650 845 1726 praefectus
889 1649 1252 1711 auxiliorum
1294 1649 1681 1725 militaverat,
1722 1649 1993 1725 ignarus.
2060 1651 2235 1710 navis

279 1743 411 1795 erat
437 1733 840 1811 quadriremis
870 1741 1046 1795 vetus
1061 1779 1076 1808 ‚
1122 1740 1307 1809 capta
1332 1732 1508 1793 annis
1538 1739 1679 1793 ante
1709 1732 2049 1809 octoginta,
2100 1750 2237 1794 cum

282 1819 510 1880 Crateri
550 1832 809 1879 uxorem
846 1816 1133 1878 Nicaeam
1159 1834 1198 1877 a
1223 1816 1541 1893 Naupacto
1574 1816 1923 1879 Corinssium
1956 1817 2236 1877 veheret=

277 1903 462 1964 huius
505 1902 669 1963 fama
704 1908 904 1962 motus
932 1933 1020 1947 --
1046 1903 1244 1963 fuerat
1284 1901 1447 1962 enim
1485 1900 1691 1961 nobile
1731 1902 1792 1960 in
1838 1901 2041 1961 classe
2070 1902 2240 1978 regia

283 1987 595 2064 quondam
623 1986 932 2062 navigium
957 2018 1043 2030 --
1071 1985 1293 2046 deduci
1335 1984 1412 2044 ab
1448 1984 1646 2060 Aegio
1691 1993 1931 2062 putrem
1970 1983 2090 2045 iam
2130 1986 2237 2046 ad-

280 2073 530 2133 modum
561 2077 622 2131 et
650 2076 949 2131 vetustate
975 2068 1341 2131 dilabentem
1369 2068 1567 2129 iussit.
1631 2069 1903 2130 hactum
1933 2069 2241 2145 praetoria

281 2170 438 2216 nave
462 2155 870 2230 praecedente
893 2153 1186 2228 classem,
1217 2167 1357 2214 cum
1378 2153 1439 2212 in
1462 2167 1537 2212 ea
1557 2152 1869 2214 Patrensis
1891 2151 2037 2213 Tiso
2063 2168 2238 2228 prae-

283 2241 476 2300 fectus
519 2238 740 2301 classis
778 2236 1133 2309 veheretur,
1179 2243 1575 2298 occurrerunt
1601 2252 1639 2295 a
1670 2235 1897 2312 Gythio
1924 2235 2240 2296 Laconum

279 2337 510 2392 naves;
539 2329 596 2382 et
618 2323 814 2398 primo
837 2321 1040 2381 statim
1060 2320 1314 2381 incursu
1332 2319 1416 2378 ad
1436 2335 1660 2380 novam
1682 2326 1741 2379 et
1762 2318 1999 2378 firmam
2021 2331 2241 2379 navem

283 2412 490 2479 vetus,
551 2421 711 2481 quae
758 2419 870 2480 per
919 2419 994 2464 se
1038 2403 1180 2480 ipsa
1229 2402 1511 2466 omnibus
1560 2401 1963 2478 compagibus
2015 2416 2241 2480 aquam

281 2489 620 2565 acciperet,
651 2488 894 2550 divulsa
921 2493 1046 2561 est,
1077 2487 1367 2564 captique
1396 2488 1610 2547 omnes
1642 2486 1747 2562 qui
1774 2485 1836 2545 in
1864 2500 2025 2546 nave
2048 2491 2240 2546 erant.

281 2580 488 2634 cetera
528 2573 748 2634 classis
791 2571 1100 2648 praetoria
1138 2587 1297 2632 nave
1348 2571 1579 2632 amissa
1622 2577 1913 2644 quantum
1956 2583 2242 2644 quaeque

281 2657 468 2719 remis
508 2656 724 2730 valuit,
765 2657 1067 2732 fugerunt.
1122 2655 1260 2731 ipse
1291 2653 1733 2730 Philopoemen
1762 2655 1822 2714 in
1863 2653 1985 2714 levi
2016 2666 2239 2728 specu-

282 2739 499 2802 latoria
541 2754 702 2800 nave
748 2740 930 2815 fugit,
981 2755 1096 2799 nec
1144 2745 1287 2800 ante
1338 2739 1519 2815 fugae
1565 2739 1753 2801 finem
1802 2753 1987 2815 quam
2025 2737 2239 2798 Patras

279 2833 526 2885 ventum
579 2830 676 2885 est
722 2823 884 2885 fecit.
947 2822 1096 2883 nihil
1137 2839 1212 2884 ea
1249 2839 1353 2884 res
1407 2823 1671 2884 animum
1710 2821 1985 2883 militaris
2029 2821 2144 2881 viri
2182 2827 2245 2881 et

279 2910 504 2970 multos
533 2905 773 2984 experti
801 2923 986 2968 casus
1016 2907 1325 2968 imminuit.
1383 2907 1529 2984 quin
1573 2913 1815 2981 contra,
1858 2905 1913 2966 si
1945 2905 2007 2964 in
2036 2919 2105 2964 re
2133 2920 2241 2964 na-

281 2992 431 3067 vali,
463 2993 638 3054 cuius
668 2998 837 3053 esset
861 2991 1144 3066 ignarus,
1176 2989 1569 3066 offendisset,
1611 3005 1687 3051 eo
1719 2991 1860 3065 plus
1890 2987 1951 3046 in
1982 3003 2059 3047 ea
2087 3002 2241 3062 quo-

279 3093 415 3137 rum
445 3093 568 3138 usu
597 3075 849 3136 calleret
873 3075 1010 3151 spei
1037 3081 1286 3149 nactus,
1326 3073 1537 3134 breve?
1549 3074 1613 3133 id
1659 3079 1923 3152 tyranno
1952 3069 2243 3145 gaudium

281 3177 353 3221 sc
383 3160 742 3221 effecturum
769 3158 1149 3222 adfirmabat.

448 3243 692 3306 XXVII.
753 3241 940 3304 Nabis
981 3256 1120 3305 cum
1162 3255 1467 3318 prospera
1502 3253 1571 3300 re
1614 3238 1837 3312 elatuS‚
1893 3245 2019 3298 tum
2067 3251 2244 3312 spem

283 3327 464 3388 etiam
492 3327 662 3388 haud
693 3326 940 3387 dubiam
970 3332 1186 3386 nactus
1228 3323 1376 3385 nihil
1414 3323 1534 3382 iam
1562 3338 1600 3383 a
1627 3319 1779 3381 mari
1808 3320 2061 3396 periculi
2090 3322 2242 3392 fore,

285 3419 344 3470 et
371 3415 698 3472 terrestres
725 3409 928 3471 aditus
959 3409 1247 3470 claudere
1276 3412 1623 3484 opportune
1667 3403 1885 3480 positis
1915 3400 2243 3479 praesidiis

284 3493 492 3555 voluit.
538 3494 714 3554 tertia
743 3499 917 3570 parte
947 3492 1261 3569 copiarum
1291 3490 1369 3552 ab
1399 3489 1723 3552 obsidione
1746 3487 1953 3567 Gythii
1980 3486 2244 3548 abducta
