<?xml version="1.0" encoding="UTF-8"?>
<!DOCTYPE html PUBLIC "-//W3C//DTD XHTML 1.0 Transitional//EN"
    "http://www.w3.org/TR/xhtml1/DTD/xhtml1-transitional.dtd">
<html xmlns="http://www.w3.org/1999/xhtml" xml:lang="en" lang="en">
 <head>
  <title>
</title>
<meta http-equiv="Content-Type" content="text/html;charset=utf-8" />
  <meta name='ocr-system' content='tesseract 3.04.00' />
  <meta name='ocr-capabilities' content='ocr_page ocr_carea ocr_par ocr_line ocrx_word'/>
</head>
<body>
  <div class='ocr_page' id='page_1' title='image "./aburbeconditali14livygoog_0161.png"; bbox 0 0 2548 3950; ppageno 0'>
   <div class='ocr_carea' id='block_1_1' title="bbox 374 194 2043 273">
    <p class='ocr_par' dir='ltr' id='par_1_1' title="bbox 374 194 2043 273">
     <span class='ocr_line' id='line_1_1' title="bbox 374 194 2043 273; baseline -0.003 -11"><span class='ocrx_word' id='word_1_1' title='bbox 374 197 508 268; x_wconf 84' lang='lat'><strong>134</strong></span> <span class='ocrx_word' id='word_1_2' title='bbox 659 195 908 262; x_wconf 70' lang='lat' dir='ltr'><strong>,LmER</strong></span> <span class='ocrx_word' id='word_1_3' title='bbox 931 194 1202 256; x_wconf 81' lang='lat' dir='ltr'><strong>xxxlv.</strong></span> <span class='ocrx_word' id='word_1_4' title='bbox 1243 194 1410 254; x_wconf 80' lang='lat' dir='ltr'><strong>cAP.</strong></span> <span class='ocrx_word' id='word_1_5' title='bbox 1439 203 1491 258; x_wconf 86' lang='lat'><strong>9.</strong></span> <span class='ocrx_word' id='word_1_6' title='bbox 1517 205 1603 256; x_wconf 80' lang='grc' dir='ltr'><strong>ιο.</strong></span> <span class='ocrx_word' id='word_1_7' title='bbox 1646 195 2043 273; x_wconf 48' lang='lat' dir='ltr'><strong>[aumas-1]</strong></span> 
     </span>
    </p>
   </div>
   <div class='ocr_carea' id='block_1_2' title="bbox 271 343 2348 3527">
    <p class='ocr_par' dir='ltr' id='par_1_2' title="bbox 271 343 2348 3443">
     <span class='ocr_line' id='line_1_2' title="bbox 375 343 2343 427; baseline -0.004 -9"><span class='ocrx_word' id='word_1_8' title='bbox 375 357 488 419; x_wconf 88' lang='lat' dir='ltr'><strong>sed</strong></span> <span class='ocrx_word' id='word_1_9' title='bbox 533 354 838 415; x_wconf 87' lang='lat' dir='ltr'><strong>Graecum</strong></span> <span class='ocrx_word' id='word_1_10' title='bbox 878 349 1176 427; x_wconf 89' lang='lat' dir='ltr'><strong>oppidum</strong></span> <span class='ocrx_word' id='word_1_11' title='bbox 1220 346 1283 408; x_wconf 91' lang='lat' dir='ltr'><strong>in</strong></span> <span class='ocrx_word' id='word_1_12' title='bbox 1313 363 1481 409; x_wconf 88' lang='lat' dir='ltr'><strong>mare</strong></span> <span class='ocrx_word' id='word_1_13' title='bbox 1522 343 1875 424; x_wconf 86' lang='lat' dir='ltr'><strong>expositum</strong></span> <span class='ocrx_word' id='word_1_14' title='bbox 1902 353 2099 408; x_wconf 91' lang='lat' dir='ltr'><strong>totum</strong></span> <span class='ocrx_word' id='word_1_15' title='bbox 2126 346 2343 411; x_wconf 89' lang='lat' dir='ltr'><strong>orbem</strong></span> 
     </span>
     <span class='ocr_line' id='line_1_3' title="bbox 372 428 2344 512; baseline -0.004 -12"><span class='ocrx_word' id='word_1_16' title='bbox 372 437 528 500; x_wconf 88' lang='lat' dir='ltr'><strong>muri</strong></span> <span class='ocrx_word' id='word_1_17' title='bbox 557 436 760 498; x_wconf 90' lang='lat' dir='ltr'><strong>minus</strong></span> <span class='ocrx_word' id='word_1_18' title='bbox 793 431 1279 512; x_wconf 86' lang='lat' dir='ltr'><strong>quadringentos</strong></span> <span class='ocrx_word' id='word_1_19' title='bbox 1310 446 1539 507; x_wconf 88' lang='lat' dir='ltr'><strong>passus</strong></span> <span class='ocrx_word' id='word_1_20' title='bbox 1569 437 1879 506; x_wconf 85' lang='lat' dir='ltr'><strong>patentem</strong></span> <span class='ocrx_word' id='word_1_21' title='bbox 1905 428 2203 501; x_wconf 88' lang='lat' dir='ltr'><strong>habebat;</strong></span> <span class='ocrx_word' id='word_1_22' title='bbox 2236 429 2344 492; x_wconf 86' lang='lat' dir='ltr'><strong>Hi-</strong></span> 
     </span>
     <span class='ocr_line' id='line_1_4' title="bbox 372 513 2346 599; baseline -0.005 -15"><span class='ocrx_word' id='word_1_23' title='bbox 372 521 588 599; x_wconf 85' lang='lat' dir='ltr'><strong>spanis</strong></span> <span class='ocrx_word' id='word_1_24' title='bbox 615 516 936 582; x_wconf 86' lang='lat' dir='ltr'><strong>retractior</strong></span> <span class='ocrx_word' id='word_1_25' title='bbox 963 534 1004 578; x_wconf 89' lang='lat' dir='ltr'><strong>a</strong></span> <span class='ocrx_word' id='word_1_26' title='bbox 1029 514 1182 578; x_wconf 88' lang='lat' dir='ltr'><strong>mari</strong></span> <span class='ocrx_word' id='word_1_27' title='bbox 1209 515 1393 578; x_wconf 89' lang='lat' dir='ltr'><strong>trium</strong></span> <span class='ocrx_word' id='word_1_28' title='bbox 1414 513 1646 576; x_wconf 89' lang='lat' dir='ltr'><strong>milium</strong></span> <span class='ocrx_word' id='word_1_29' title='bbox 1668 529 1970 590; x_wconf 78' lang='lat' dir='ltr'><strong>passuum</strong></span> <span class='ocrx_word' id='word_1_30' title='bbox 1989 513 2054 574; x_wconf 91' lang='lat' dir='ltr'><strong>in</strong></span> <span class='ocrx_word' id='word_1_31' title='bbox 2085 513 2346 577; x_wconf 91' lang='lat' dir='ltr'><strong>circuitu</strong></span> 
     </span>
     <span class='ocr_line' id='line_1_5' title="bbox 369 596 2345 676; baseline -0.004 -9"><span class='ocrx_word' id='word_1_32' title='bbox 369 619 583 667; x_wconf 90' lang='lat' dir='ltr'><strong>murus</strong></span> <span class='ocrx_word' id='word_1_33' title='bbox 614 611 762 665; x_wconf 89' lang='lat' dir='ltr'><strong>erat.</strong></span> <span class='ocrx_word' id='word_1_34' title='bbox 806 600 1050 666; x_wconf 84' lang='lat' dir='ltr'><strong>tertium</strong></span> <span class='ocrx_word' id='word_1_35' title='bbox 1071 615 1270 676; x_wconf 88' lang='lat' dir='ltr'><strong>genus</strong></span> <span class='ocrx_word' id='word_1_36' title='bbox 1294 597 1557 660; x_wconf 88' lang='lat' dir='ltr'><strong>Romani</strong></span> <span class='ocrx_word' id='word_1_37' title='bbox 1581 597 1787 660; x_wconf 88' lang='lat' dir='ltr'><strong>coloni</strong></span> <span class='ocrx_word' id='word_1_38' title='bbox 1810 597 1888 658; x_wconf 91' lang='lat' dir='ltr'><strong>ab</strong></span> <span class='ocrx_word' id='word_1_39' title='bbox 1911 596 2057 659; x_wconf 87' lang='lat' dir='ltr'><strong>divo</strong></span> <span class='ocrx_word' id='word_1_40' title='bbox 2074 597 2345 660; x_wconf 86' lang='lat' dir='ltr'><strong>Caesare</strong></span> 
     </span>
     <span class='ocr_line' id='line_1_6' title="bbox 370 680 2347 766; baseline -0.004 -15"><span class='ocrx_word' id='word_1_41' title='bbox 370 695 517 766; x_wconf 89' lang='lat' dir='ltr'><strong>post</strong></span> <span class='ocrx_word' id='word_1_42' title='bbox 538 687 819 750; x_wconf 88' lang='lat' dir='ltr'><strong>devictos</strong></span> <span class='ocrx_word' id='word_1_43' title='bbox 832 683 1087 762; x_wconf 85' lang='lat' dir='ltr'>Pompei</span> <span class='ocrx_word' id='word_1_44' title='bbox 1107 682 1340 745; x_wconf 88' lang='lat' dir='ltr'><strong>liberos</strong></span> <span class='ocrx_word' id='word_1_45' title='bbox 1354 681 1597 744; x_wconf 84' lang='lat' dir='ltr'><strong>adiecti.</strong></span> <span class='ocrx_word' id='word_1_46' title='bbox 1626 697 1792 742; x_wconf 88' lang='lat' dir='ltr'><strong>nunc</strong></span> <span class='ocrx_word' id='word_1_47' title='bbox 1812 680 1875 742; x_wconf 90' lang='lat' dir='ltr'><strong>in</strong></span> <span class='ocrx_word' id='word_1_48' title='bbox 1896 697 2127 757; x_wconf 86' lang='lat' dir='ltr'><strong>corpus</strong></span> <span class='ocrx_word' id='word_1_49' title='bbox 2148 697 2347 744; x_wconf 85' lang='lat' dir='ltr'><strong>unum</strong></span> 
     </span>
     <span class='ocr_line' id='line_1_7' title="bbox 373 763 2343 844; baseline -0.006 -8"><span class='ocrx_word' id='word_1_50' title='bbox 373 771 619 836; x_wconf 79' lang='lat' dir='ltr'><strong>confusi</strong></span> <span class='ocrx_word' id='word_1_51' title='bbox 648 786 864 833; x_wconf 89' lang='lat' dir='ltr'><strong>omnes</strong></span> <span class='ocrx_word' id='word_1_52' title='bbox 893 765 1187 844; x_wconf 88' lang='lat' dir='ltr'><strong>Hispanis</strong></span> <span class='ocrx_word' id='word_1_53' title='bbox 1218 765 1413 844; x_wconf 84' lang='lat' dir='ltr'><strong>prius,</strong></span> <span class='ocrx_word' id='word_1_54' title='bbox 1445 773 1762 842; x_wconf 87' lang='lat' dir='ltr'><strong>postremo</strong></span> <span class='ocrx_word' id='word_1_55' title='bbox 1794 772 1854 827; x_wconf 89' lang='lat' dir='ltr'><strong>et</strong></span> <span class='ocrx_word' id='word_1_56' title='bbox 1882 763 2135 826; x_wconf 85' lang='lat' dir='ltr'><strong>Graecis</strong></span> <span class='ocrx_word' id='word_1_57' title='bbox 2164 763 2226 826; x_wconf 89' lang='lat' dir='ltr'><strong>in</strong></span> <span class='ocrx_word' id='word_1_58' title='bbox 2256 763 2343 826; x_wconf 89' lang='lat' dir='ltr'><strong>ci-</strong></span> 
     </span>
     <span class='ocr_line' id='line_1_8' title="bbox 371 848 2344 926; baseline -0.004 -9"><span class='ocrx_word' id='word_1_59' title='bbox 371 849 621 917; x_wconf 76' lang='lat' dir='ltr'><strong>vitatem</strong></span> <span class='ocrx_word' id='word_1_60' title='bbox 645 855 985 916; x_wconf 80' lang='lat' dir='ltr'><strong>Romanam</strong></span> <span class='ocrx_word' id='word_1_61' title='bbox 1012 849 1291 913; x_wconf 79' lang='lat' dir='ltr'><strong>adscitis.</strong></span> <span class='ocrx_word' id='word_1_62' title='bbox 1374 849 1723 922; x_wconf 85' lang='lat' dir='ltr'><strong>miraretur,</strong></span> <span class='ocrx_word' id='word_1_63' title='bbox 1769 848 1874 926; x_wconf 90' lang='lat' dir='ltr'><strong>qui</strong></span> <span class='ocrx_word' id='word_1_64' title='bbox 1907 857 2034 910; x_wconf 88' lang='lat' dir='ltr'><strong>tum</strong></span> <span class='ocrx_word' id='word_1_65' title='bbox 2062 859 2344 912; x_wconf 85' lang='lat' dir='ltr'><strong>cerneret</strong></span> 
     </span>
     <span class='ocr_line' id='line_1_9' title="bbox 369 931 2345 1016; baseline -0.004 -14"><span class='ocrx_word' id='word_1_66' title='bbox 369 947 588 1016; x_wconf 89' lang='lat' dir='ltr'><strong>aperto</strong></span> <span class='ocrx_word' id='word_1_67' title='bbox 617 936 771 999; x_wconf 89' lang='lat' dir='ltr'><strong>mari</strong></span> <span class='ocrx_word' id='word_1_68' title='bbox 797 937 876 998; x_wconf 87' lang='lat' dir='ltr'><strong>ab</strong></span> <span class='ocrx_word' id='word_1_69' title='bbox 904 937 1096 998; x_wconf 86' lang='lat' dir='ltr'><strong>altera</strong></span> <span class='ocrx_word' id='word_1_70' title='bbox 1124 944 1318 1012; x_wconf 87' lang='lat' dir='ltr'><strong>parte,</strong></span> <span class='ocrx_word' id='word_1_71' title='bbox 1351 934 1429 997; x_wconf 87' lang='lat' dir='ltr'><strong>ab</strong></span> <span class='ocrx_word' id='word_1_72' title='bbox 1458 934 1651 995; x_wconf 88' lang='lat' dir='ltr'><strong>altera</strong></span> <span class='ocrx_word' id='word_1_73' title='bbox 1676 931 1993 1010; x_wconf 86' lang='lat' dir='ltr'><strong>Hispanis,</strong></span> <span class='ocrx_word' id='word_1_74' title='bbox 2021 940 2144 994; x_wconf 86' lang='lat' dir='ltr'><strong>tam</strong></span> <span class='ocrx_word' id='word_1_75' title='bbox 2174 934 2345 995; x_wconf 86' lang='lat' dir='ltr'><strong>ferae</strong></span> 
     </span>
     <span class='ocr_line' id='line_1_10' title="bbox 371 1017 2343 1097; baseline -0.005 -11"><span class='ocrx_word' id='word_1_76' title='bbox 371 1031 434 1086; x_wconf 88' lang='lat' dir='ltr'><strong>et</strong></span> <span class='ocrx_word' id='word_1_77' title='bbox 457 1021 795 1086; x_wconf 78' lang='lat' dir='ltr'><strong>bellicosae</strong></span> <span class='ocrx_word' id='word_1_78' title='bbox 822 1019 1021 1097; x_wconf 84' lang='lat' dir='ltr'><strong>genti,</strong></span> <span class='ocrx_word' id='word_1_79' title='bbox 1064 1017 1347 1081; x_wconf 86' lang='lat' dir='ltr'><strong>obiectos</strong></span> <span class='ocrx_word' id='word_1_80' title='bbox 1361 1064 1378 1092; x_wconf 91' lang='lat'><strong>,</strong></span> <span class='ocrx_word' id='word_1_81' title='bbox 1411 1033 1573 1095; x_wconf 86' lang='lat' dir='ltr'><strong>quae</strong></span> <span class='ocrx_word' id='word_1_82' title='bbox 1599 1033 1703 1079; x_wconf 90' lang='lat' dir='ltr'><strong>res</strong></span> <span class='ocrx_word' id='word_1_83' title='bbox 1733 1033 1847 1080; x_wconf 86' lang='lat' dir='ltr'><strong>eos</strong></span> <span class='ocrx_word' id='word_1_84' title='bbox 1876 1021 2190 1078; x_wconf 89' lang='lat' dir='ltr'><strong>tutaretur.</strong></span> <span class='ocrx_word' id='word_1_85' title='bbox 2252 1017 2343 1077; x_wconf 88' lang='lat' dir='ltr'><strong>di·</strong></span> 
     </span>
     <span class='ocr_line' id='line_1_11' title="bbox 371 1100 2345 1182; baseline -0.004 -12"><span class='ocrx_word' id='word_1_86' title='bbox 371 1105 635 1182; x_wconf 89' lang='lat' dir='ltr'><strong>sciplina</strong></span> <span class='ocrx_word' id='word_1_87' title='bbox 675 1112 808 1167; x_wconf 87' lang='lat' dir='ltr'><strong>erat</strong></span> <span class='ocrx_word' id='word_1_88' title='bbox 849 1111 1062 1165; x_wconf 89' lang='lat' dir='ltr'><strong>custos</strong></span> <span class='ocrx_word' id='word_1_89' title='bbox 1103 1100 1474 1165; x_wconf 86' lang='lat' dir='ltr'><strong>infirmitatis</strong></span> <span class='ocrx_word' id='word_1_90' title='bbox 1491 1147 1508 1177; x_wconf 90' lang='lat'><strong>,</strong></span> <span class='ocrx_word' id='word_1_91' title='bbox 1565 1117 1755 1178; x_wconf 87' lang='lat' dir='ltr'><strong>quam</strong></span> <span class='ocrx_word' id='word_1_92' title='bbox 1798 1100 1957 1164; x_wconf 90' lang='lat' dir='ltr'><strong>inter</strong></span> <span class='ocrx_word' id='word_1_93' title='bbox 2004 1100 2345 1163; x_wconf 88' lang='lat' dir='ltr'><strong>validiores</strong></span> 
     </span>
     <span class='ocr_line' id='line_1_12' title="bbox 371 1185 2344 1267; baseline -0.004 -15"><span class='ocrx_word' id='word_1_94' title='bbox 371 1186 602 1267; x_wconf 88' lang='lat' dir='ltr'><strong>optime</strong></span> <span class='ocrx_word' id='word_1_95' title='bbox 623 1187 806 1254; x_wconf 86' lang='lat' dir='ltr'><strong>timor</strong></span> <span class='ocrx_word' id='word_1_96' title='bbox 825 1186 1112 1249; x_wconf 89' lang='lat' dir='ltr'><strong>continet.</strong></span> <span class='ocrx_word' id='word_1_97' title='bbox 1157 1193 1395 1262; x_wconf 87' lang='lat' dir='ltr'><strong>partem</strong></span> <span class='ocrx_word' id='word_1_98' title='bbox 1416 1185 1575 1247; x_wconf 90' lang='lat' dir='ltr'><strong>muri</strong></span> <span class='ocrx_word' id='word_1_99' title='bbox 1602 1201 1849 1248; x_wconf 87' lang='lat' dir='ltr'><strong>versam</strong></span> <span class='ocrx_word' id='word_1_100' title='bbox 1869 1185 1934 1246; x_wconf 91' lang='lat' dir='ltr'><strong>in</strong></span> <span class='ocrx_word' id='word_1_101' title='bbox 1956 1201 2142 1262; x_wconf 88' lang='lat' dir='ltr'><strong>agros</strong></span> <span class='ocrx_word' id='word_1_102' title='bbox 2166 1200 2344 1261; x_wconf 86' lang='lat' dir='ltr'><strong>egre-</strong></span> 
     </span>
     <span class='ocr_line' id='line_1_13' title="bbox 369 1269 2346 1349; baseline -0.002 -15"><span class='ocrx_word' id='word_1_103' title='bbox 369 1272 470 1349; x_wconf 90' lang='lat' dir='ltr'><strong>gie</strong></span> <span class='ocrx_word' id='word_1_104' title='bbox 497 1271 790 1334; x_wconf 87' lang='lat' dir='ltr'><strong>munitam</strong></span> <span class='ocrx_word' id='word_1_105' title='bbox 817 1271 1143 1345; x_wconf 82' lang='lat' dir='ltr'><strong>habebant,</strong></span> <span class='ocrx_word' id='word_1_106' title='bbox 1173 1286 1299 1331; x_wconf 88' lang='lat' dir='ltr'><strong>una</strong></span> <span class='ocrx_word' id='word_1_107' title='bbox 1326 1277 1559 1333; x_wconf 86' lang='lat' dir='ltr'><strong>tantum</strong></span> <span class='ocrx_word' id='word_1_108' title='bbox 1580 1269 1643 1332; x_wconf 90' lang='lat' dir='ltr'><strong>in</strong></span> <span class='ocrx_word' id='word_1_109' title='bbox 1664 1286 1802 1332; x_wconf 88' lang='lat' dir='ltr'><strong>eam</strong></span> <span class='ocrx_word' id='word_1_110' title='bbox 1822 1269 2139 1346; x_wconf 79' lang='lat' dir='ltr'><strong>regionem</strong></span> <span class='ocrx_word' id='word_1_111' title='bbox 2160 1277 2346 1345; x_wconf 86' lang='lat' dir='ltr'><strong>porta</strong></span> 
     </span>
     <span class='ocr_line' id='line_1_14' title="bbox 368 1352 2345 1435; baseline -0.003 -17"><span class='ocrx_word' id='word_1_112' title='bbox 368 1356 689 1435; x_wconf 90' lang='lat' dir='ltr'><strong>imposita,</strong></span> <span class='ocrx_word' id='word_1_113' title='bbox 721 1354 898 1417; x_wconf 88' lang='lat' dir='ltr'><strong>cuius</strong></span> <span class='ocrx_word' id='word_1_114' title='bbox 928 1354 1230 1416; x_wconf 90' lang='lat' dir='ltr'><strong>adsiduus</strong></span> <span class='ocrx_word' id='word_1_115' title='bbox 1262 1363 1476 1416; x_wconf 85' lang='lat' dir='ltr'><strong>custos</strong></span> <span class='ocrx_word' id='word_1_116' title='bbox 1509 1370 1759 1430; x_wconf 87' lang='lat' dir='ltr'><strong>semper</strong></span> <span class='ocrx_word' id='word_1_117' title='bbox 1784 1352 2010 1431; x_wconf 88' lang='lat' dir='ltr'><strong>aliquis</strong></span> <span class='ocrx_word' id='word_1_118' title='bbox 2040 1369 2120 1414; x_wconf 88' lang='lat' dir='ltr'><strong>ex</strong></span> <span class='ocrx_word' id='word_1_119' title='bbox 2148 1352 2345 1430; x_wconf 85' lang='lat' dir='ltr'><strong>magi-</strong></span> 
     </span>
     <span class='ocr_line' id='line_1_15' title="bbox 371 1437 2344 1516; baseline -0.004 -12"><span class='ocrx_word' id='word_1_120' title='bbox 371 1440 663 1504; x_wconf 84' lang='lat' dir='ltr'><strong>stratibus</strong></span> <span class='ocrx_word' id='word_1_121' title='bbox 691 1448 840 1502; x_wconf 89' lang='lat' dir='ltr'><strong>erat.</strong></span> <span class='ocrx_word' id='word_1_122' title='bbox 867 1438 1068 1501; x_wconf 62' lang='lat' dir='ltr'><strong>‘nocte</strong></span> <span class='ocrx_word' id='word_1_123' title='bbox 1096 1456 1242 1516; x_wconf 87' lang='lat' dir='ltr'><strong>pars</strong></span> <span class='ocrx_word' id='word_1_124' title='bbox 1271 1437 1451 1500; x_wconf 87' lang='lat' dir='ltr'><strong>tertia</strong></span> <span class='ocrx_word' id='word_1_125' title='bbox 1481 1437 1705 1501; x_wconf 86' lang='lat' dir='ltr'><strong>civium</strong></span> <span class='ocrx_word' id='word_1_126' title='bbox 1745 1437 1809 1499; x_wconf 92' lang='lat' dir='ltr'><strong>in</strong></span> <span class='ocrx_word' id='word_1_127' title='bbox 1848 1437 2041 1500; x_wconf 91' lang='lat' dir='ltr'><strong>muris</strong></span> <span class='ocrx_word' id='word_1_128' title='bbox 2070 1437 2344 1498; x_wconf 87' lang='lat' dir='ltr'><strong>excuba-</strong></span> 
     </span>
     <span class='ocr_line' id='line_1_16' title="bbox 367 1520 2344 1600; baseline -0.003 -14"><span class='ocrx_word' id='word_1_129' title='bbox 367 1525 503 1598; x_wconf 86' lang='lat' dir='ltr'><strong>bat;</strong></span> <span class='ocrx_word' id='word_1_130' title='bbox 554 1541 763 1600; x_wconf 89' lang='lat' dir='ltr'><strong>neque</strong></span> <span class='ocrx_word' id='word_1_131' title='bbox 790 1523 980 1584; x_wconf 90' lang='lat' dir='ltr'><strong>moris</strong></span> <span class='ocrx_word' id='word_1_132' title='bbox 1011 1539 1203 1585; x_wconf 89' lang='lat' dir='ltr'><strong>causa</strong></span> <span class='ocrx_word' id='word_1_133' title='bbox 1229 1530 1465 1584; x_wconf 88' lang='lat' dir='ltr'><strong>tantum</strong></span> <span class='ocrx_word' id='word_1_134' title='bbox 1492 1529 1599 1584; x_wconf 89' lang='lat' dir='ltr'><strong>aut</strong></span> <span class='ocrx_word' id='word_1_135' title='bbox 1624 1521 1812 1598; x_wconf 78' lang='lat' dir='ltr'><strong>legis,</strong></span> <span class='ocrx_word' id='word_1_136' title='bbox 1867 1523 1982 1584; x_wconf 90' lang='lat' dir='ltr'><strong>sed</strong></span> <span class='ocrx_word' id='word_1_137' title='bbox 2026 1529 2258 1598; x_wconf 84' lang='lat' dir='ltr'><strong>quanta</strong></span> <span class='ocrx_word' id='word_1_138' title='bbox 2285 1520 2344 1582; x_wconf 88' lang='lat' dir='ltr'><strong>si</strong></span> 
     </span>
     <span class='ocr_line' id='line_1_17' title="bbox 367 1604 2348 1684; baseline -0.002 -16"><span class='ocrx_word' id='word_1_139' title='bbox 367 1607 570 1672; x_wconf 85' lang='lat' dir='ltr'><strong>hostis</strong></span> <span class='ocrx_word' id='word_1_140' title='bbox 611 1609 695 1669; x_wconf 89' lang='lat' dir='ltr'><strong>ad</strong></span> <span class='ocrx_word' id='word_1_141' title='bbox 719 1614 936 1684; x_wconf 89' lang='lat' dir='ltr'><strong>portus</strong></span> <span class='ocrx_word' id='word_1_142' title='bbox 969 1615 1170 1683; x_wconf 88' lang='lat' dir='ltr'><strong>esset,</strong></span> <span class='ocrx_word' id='word_1_143' title='bbox 1211 1608 1547 1668; x_wconf 89' lang='lat' dir='ltr'><strong>servabant</strong></span> <span class='ocrx_word' id='word_1_144' title='bbox 1572 1604 1818 1682; x_wconf 88' lang='lat' dir='ltr'><strong>vigilias</strong></span> <span class='ocrx_word' id='word_1_145' title='bbox 1847 1614 1911 1668; x_wconf 86' lang='lat' dir='ltr'><strong>et</strong></span> <span class='ocrx_word' id='word_1_146' title='bbox 1939 1605 2348 1666; x_wconf 82' lang='lat' dir='ltr'><strong>circumibant</strong></span> 
     </span>
     <span class='ocr_line' id='line_1_18' title="bbox 371 1687 2345 1768; baseline -0.002 -15"><span class='ocrx_word' id='word_1_147' title='bbox 371 1708 540 1753; x_wconf 88' lang='lat' dir='ltr'><strong>cura.</strong></span> <span class='ocrx_word' id='word_1_148' title='bbox 593 1689 936 1768; x_wconf 87' lang='lat' dir='ltr'><strong>Hispanum</strong></span> <span class='ocrx_word' id='word_1_149' title='bbox 964 1689 1271 1753; x_wconf 89' lang='lat' dir='ltr'><strong>neminem</strong></span> <span class='ocrx_word' id='word_1_150' title='bbox 1297 1690 1361 1751; x_wconf 90' lang='lat' dir='ltr'><strong>in</strong></span> <span class='ocrx_word' id='word_1_151' title='bbox 1388 1687 1606 1752; x_wconf 89' lang='lat' dir='ltr'><strong>urbem</strong></span> <span class='ocrx_word' id='word_1_152' title='bbox 1634 1689 2031 1766; x_wconf 82' lang='lat' dir='ltr'><strong>recipiebant.</strong></span> <span class='ocrx_word' id='word_1_153' title='bbox 2104 1705 2185 1750; x_wconf 91' lang='lat' dir='ltr'><strong>ne</strong></span> <span class='ocrx_word' id='word_1_154' title='bbox 2214 1688 2345 1764; x_wconf 91' lang='lat' dir='ltr'><strong>ipsi</strong></span> 
     </span>
     <span class='ocr_line' id='line_1_19' title="bbox 373 1771 2342 1852; baseline -0.002 -16"><span class='ocrx_word' id='word_1_155' title='bbox 373 1774 624 1851; x_wconf 87' lang='lat' dir='ltr'><strong>quidem</strong></span> <span class='ocrx_word' id='word_1_156' title='bbox 650 1780 880 1836; x_wconf 87' lang='lat' dir='ltr'><strong>temere</strong></span> <span class='ocrx_word' id='word_1_157' title='bbox 908 1774 1062 1836; x_wconf 87' lang='lat' dir='ltr'><strong>urbe</strong></span> <span class='ocrx_word' id='word_1_158' title='bbox 1091 1775 1493 1836; x_wconf 86' lang='lat' dir='ltr'><strong>excedebant.</strong></span> <span class='ocrx_word' id='word_1_159' title='bbox 1552 1775 1632 1835; x_wconf 78' lang='lat' dir='ltr'><strong>a&#39;d</strong></span> <span class='ocrx_word' id='word_1_160' title='bbox 1660 1791 1829 1836; x_wconf 84' lang='lat' dir='ltr'><strong>mare</strong></span> <span class='ocrx_word' id='word_1_161' title='bbox 1860 1773 2110 1852; x_wconf 82' lang='lat' dir='ltr'><strong>patebat</strong></span> <span class='ocrx_word' id='word_1_162' title='bbox 2138 1771 2342 1834; x_wconf 88' lang='lat' dir='ltr'><strong>omni·</strong></span> 
     </span>
     <span class='ocr_line' id='line_1_20' title="bbox 369 1857 2343 1936; baseline -0.001 -16"><span class='ocrx_word' id='word_1_163' title='bbox 369 1859 488 1920; x_wconf 90' lang='lat' dir='ltr'><strong>bus</strong></span> <span class='ocrx_word' id='word_1_164' title='bbox 536 1857 760 1920; x_wconf 84' lang='lat' dir='ltr'><strong>exitus.</strong></span> <span class='ocrx_word' id='word_1_165' title='bbox 830 1865 1011 1933; x_wconf 89' lang='lat' dir='ltr'><strong>porta</strong></span> <span class='ocrx_word' id='word_1_166' title='bbox 1049 1857 1131 1919; x_wconf 89' lang='lat' dir='ltr'><strong>ad</strong></span> <span class='ocrx_word' id='word_1_167' title='bbox 1157 1857 1577 1936; x_wconf 86' lang='lat' dir='ltr'><strong>Hispanorum</strong></span> <span class='ocrx_word' id='word_1_168' title='bbox 1620 1857 1923 1934; x_wconf 88' lang='lat' dir='ltr'><strong>oppidum</strong></span> <span class='ocrx_word' id='word_1_169' title='bbox 1949 1873 2137 1919; x_wconf 87' lang='lat' dir='ltr'><strong>versa</strong></span> <span class='ocrx_word' id='word_1_170' title='bbox 2165 1875 2343 1919; x_wconf 88' lang='lat' dir='ltr'><strong>num-</strong></span> 
     </span>
     <span class='ocr_line' id='line_1_21' title="bbox 373 1940 2343 2021; baseline -0.001 -15"><span class='ocrx_word' id='word_1_171' title='bbox 373 1958 560 2020; x_wconf 82' lang='lat' dir='ltr'><strong>quam</strong></span> <span class='ocrx_word' id='word_1_172' title='bbox 571 1940 694 2003; x_wconf 90' lang='lat' dir='ltr'><strong>nisi</strong></span> <span class='ocrx_word' id='word_1_173' title='bbox 716 1942 1092 2018; x_wconf 75' lang='lat' dir='ltr'><strong>frequentes,</strong></span> <span class='ocrx_word' id='word_1_174' title='bbox 1115 1958 1264 2020; x_wconf 88' lang='lat' dir='ltr'><strong>pars</strong></span> <span class='ocrx_word' id='word_1_175' title='bbox 1286 1942 1463 2006; x_wconf 85' lang='lat' dir='ltr'><strong>tertia</strong></span> <span class='ocrx_word' id='word_1_176' title='bbox 1482 1943 1629 2016; x_wconf 85' lang='lat' dir='ltr'><strong>fere,</strong></span> <span class='ocrx_word' id='word_1_177' title='bbox 1657 1941 1835 2004; x_wconf 88' lang='lat' dir='ltr'><strong>cuius</strong></span> <span class='ocrx_word' id='word_1_178' title='bbox 1858 1941 2143 2021; x_wconf 87' lang='lat' dir='ltr'><strong>proxima</strong></span> <span class='ocrx_word' id='word_1_179' title='bbox 2156 1949 2343 2006; x_wconf 84' lang='lat' dir='ltr'><strong>noete</strong></span> 
     </span>
     <span class='ocr_line' id='line_1_22' title="bbox 371 2022 2343 2104; baseline 0.001 -17"><span class='ocrx_word' id='word_1_180' title='bbox 371 2022 618 2103; x_wconf 86' lang='lat' dir='ltr'><strong>vigiliae</strong></span> <span class='ocrx_word' id='word_1_181' title='bbox 643 2024 708 2086; x_wconf 90' lang='lat' dir='ltr'><strong>in</strong></span> <span class='ocrx_word' id='word_1_182' title='bbox 737 2023 928 2088; x_wconf 85' lang='lat' dir='ltr'><strong>muris</strong></span> <span class='ocrx_word' id='word_1_183' title='bbox 968 2027 1239 2100; x_wconf 85' lang='lat' dir='ltr'><strong>fuerant,</strong></span> <span class='ocrx_word' id='word_1_184' title='bbox 1286 2025 1777 2104; x_wconf 83' lang='lat' dir='ltr'><strong>egrediebantur.</strong></span> <span class='ocrx_word' id='word_1_185' title='bbox 1851 2042 2042 2088; x_wconf 89' lang='lat' dir='ltr'><strong>causa</strong></span> <span class='ocrx_word' id='word_1_186' title='bbox 2070 2025 2343 2088; x_wconf 88' lang='lat' dir='ltr'><strong>exeundi</strong></span> 
     </span>
     <span class='ocr_line' id='line_1_23' title="bbox 369 2105 2343 2187; baseline 0.001 -16"><span class='ocrx_word' id='word_1_187' title='bbox 369 2108 526 2173; x_wconf 89' lang='lat' dir='ltr'><strong>haec</strong></span> <span class='ocrx_word' id='word_1_188' title='bbox 555 2116 704 2172; x_wconf 89' lang='lat' dir='ltr'><strong>erat.</strong></span> <span class='ocrx_word' id='word_1_189' title='bbox 771 2105 1138 2173; x_wconf 61' lang='lat' dir='ltr'><strong>commercii)</strong></span> <span class='ocrx_word' id='word_1_190' title='bbox 1168 2126 1385 2174; x_wconf 90' lang='lat' dir='ltr'><strong>eorum</strong></span> <span class='ocrx_word' id='word_1_191' title='bbox 1410 2108 1675 2187; x_wconf 88' lang='lat' dir='ltr'><strong>Hispani</strong></span> <span class='ocrx_word' id='word_1_192' title='bbox 1702 2108 2121 2187; x_wconf 84' lang='lat' dir='ltr'><strong>imprudentes</strong></span> <span class='ocrx_word' id='word_1_193' title='bbox 2150 2108 2343 2172; x_wconf 83' lang='lat' dir='ltr'><strong>maris</strong></span> 
     </span>
     <span class='ocr_line' id='line_1_24' title="bbox 369 2192 2343 2272; baseline -0.001 -15"><span class='ocrx_word' id='word_1_194' title='bbox 369 2193 752 2271; x_wconf 81' lang='lat' dir='ltr'><strong>gaudebant,</strong></span> <span class='ocrx_word' id='word_1_195' title='bbox 799 2194 1186 2272; x_wconf 88' lang='lat' dir='ltr'><strong>mercarique</strong></span> <span class='ocrx_word' id='word_1_196' title='bbox 1228 2202 1290 2257; x_wconf 88' lang='lat' dir='ltr'><strong>et</strong></span> <span class='ocrx_word' id='word_1_197' title='bbox 1328 2193 1454 2271; x_wconf 89' lang='lat' dir='ltr'><strong>ipsi</strong></span> <span class='ocrx_word' id='word_1_198' title='bbox 1490 2211 1565 2255; x_wconf 89' lang='lat' dir='ltr'><strong>ea</strong></span> <span class='ocrx_word' id='word_1_199' title='bbox 1596 2210 1757 2270; x_wconf 89' lang='lat' dir='ltr'><strong>quae</strong></span> <span class='ocrx_word' id='word_1_200' title='bbox 1788 2203 2045 2257; x_wconf 85' lang='lat' dir='ltr'><strong>externa</strong></span> <span class='ocrx_word' id='word_1_201' title='bbox 2073 2192 2343 2255; x_wconf 88' lang='lat' dir='ltr'><strong>navibus</strong></span> 
     </span>
     <span class='ocr_line' id='line_1_25' title="bbox 368 2276 2343 2356; baseline 0.001 -17"><span class='ocrx_word' id='word_1_202' title='bbox 368 2278 822 2353; x_wconf 88' lang='lat' dir='ltr'><strong>inveherentur,</strong></span> <span class='ocrx_word' id='word_1_203' title='bbox 853 2287 915 2339; x_wconf 88' lang='lat' dir='ltr'><strong>et</strong></span> <span class='ocrx_word' id='word_1_204' title='bbox 941 2295 1228 2356; x_wconf 87' lang='lat' dir='ltr'><strong>agrorum</strong></span> <span class='ocrx_word' id='word_1_205' title='bbox 1255 2278 1507 2355; x_wconf 81' lang='lat' dir='ltr'><strong>exigere</strong></span> <span class='ocrx_word' id='word_1_206' title='bbox 1538 2279 1772 2341; x_wconf 78' lang='lat' dir='ltr'><strong>fructus</strong></span> <span class='ocrx_word' id='word_1_207' title='bbox 1801 2279 2110 2342; x_wconf 88' lang='lat' dir='ltr'><strong>volebant.</strong></span> <span class='ocrx_word' id='word_1_208' title='bbox 2151 2276 2343 2340; x_wconf 89' lang='lat' dir='ltr'><strong>huius</strong></span> 
     </span>
     <span class='ocr_line' id='line_1_26' title="bbox 367 2361 2342 2439; baseline 0 -16"><span class='ocrx_word' id='word_1_209' title='bbox 367 2362 561 2425; x_wconf 87' lang='lat' dir='ltr'><strong>mutui</strong></span> <span class='ocrx_word' id='word_1_210' title='bbox 589 2379 744 2424; x_wconf 88' lang='lat' dir='ltr'><strong>usus</strong></span> <span class='ocrx_word' id='word_1_211' title='bbox 773 2361 1176 2435; x_wconf 89' lang='lat' dir='ltr'><strong>desiderium,</strong></span> <span class='ocrx_word' id='word_1_212' title='bbox 1221 2370 1289 2424; x_wconf 89' lang='lat' dir='ltr'><strong>ut</strong></span> <span class='ocrx_word' id='word_1_213' title='bbox 1314 2362 1591 2439; x_wconf 87' lang='lat' dir='ltr'><strong>Hispana</strong></span> <span class='ocrx_word' id='word_1_214' title='bbox 1616 2362 1768 2425; x_wconf 86' lang='lat' dir='ltr'><strong>urbs</strong></span> <span class='ocrx_word' id='word_1_215' title='bbox 1798 2361 2051 2426; x_wconf 87' lang='lat' dir='ltr'><strong>Graecis</strong></span> <span class='ocrx_word' id='word_1_216' title='bbox 2078 2369 2342 2439; x_wconf 87' lang='lat' dir='ltr'><strong>pateret,</strong></span> 
     </span>
     <span class='ocr_line' id='line_1_27' title="bbox 367 2445 2342 2523; baseline 0.002 -18"><span class='ocrx_word' id='word_1_217' title='bbox 367 2446 650 2508; x_wconf 84' lang='lat' dir='ltr'><strong>faciebat.</strong></span> <span class='ocrx_word' id='word_1_218' title='bbox 731 2451 906 2507; x_wconf 87' lang='lat' dir='ltr'><strong>erant</strong></span> <span class='ocrx_word' id='word_1_219' title='bbox 946 2445 1130 2507; x_wconf 89' lang='lat' dir='ltr'><strong>etiam</strong></span> <span class='ocrx_word' id='word_1_220' title='bbox 1171 2461 1246 2509; x_wconf 91' lang='lat' dir='ltr'><strong>eo</strong></span> <span class='ocrx_word' id='word_1_221' title='bbox 1292 2445 1547 2510; x_wconf 86' lang='lat' dir='ltr'><strong>tutiores</strong></span> <span class='ocrx_word' id='word_1_222' title='bbox 1562 2494 1578 2521; x_wconf 90' lang='lat'><strong>,</strong></span> <span class='ocrx_word' id='word_1_223' title='bbox 1623 2447 1796 2523; x_wconf 90' lang='lat' dir='ltr'><strong>quod</strong></span> <span class='ocrx_word' id='word_1_224' title='bbox 1820 2448 1937 2509; x_wconf 92' lang='lat' dir='ltr'><strong>sub</strong></span> <span class='ocrx_word' id='word_1_225' title='bbox 1966 2446 2187 2507; x_wconf 88' lang='lat' dir='ltr'><strong>umbra</strong></span> <span class='ocrx_word' id='word_1_226' title='bbox 2212 2446 2342 2508; x_wconf 90' lang='lat' dir='ltr'><strong>Ro-</strong></span> 
     </span>
     <span class='ocr_line' id='line_1_28' title="bbox 367 2526 2342 2606; baseline 0.002 -17"><span class='ocrx_word' id='word_1_227' title='bbox 367 2542 586 2590; x_wconf 88' lang='lat' dir='ltr'><strong>manae</strong></span> <span class='ocrx_word' id='word_1_228' title='bbox 615 2526 917 2589; x_wconf 88' lang='lat' dir='ltr'><strong>amicitiae</strong></span> <span class='ocrx_word' id='word_1_229' title='bbox 956 2529 1252 2603; x_wconf 79' lang='lat' dir='ltr'><strong>latebant3</strong></span> <span class='ocrx_word' id='word_1_230' title='bbox 1307 2545 1492 2606; x_wconf 88' lang='lat' dir='ltr'><strong>quam</strong></span> <span class='ocrx_word' id='word_1_231' title='bbox 1532 2528 1693 2593; x_wconf 87' lang='lat' dir='ltr'><strong>sicut</strong></span> <span class='ocrx_word' id='word_1_232' title='bbox 1730 2529 2071 2593; x_wconf 88' lang='lat' dir='ltr'><strong>minoribus</strong></span> <span class='ocrx_word' id='word_1_233' title='bbox 2100 2528 2342 2594; x_wconf 87' lang='lat' dir='ltr'><strong>viribus</strong></span> 
     </span>
     <span class='ocr_line' id='line_1_29' title="bbox 370 2610 2343 2692; baseline 0.001 -19"><span class='ocrx_word' id='word_1_234' title='bbox 370 2628 556 2689; x_wconf 86' lang='lat' dir='ltr'><strong>quam</strong></span> <span class='ocrx_word' id='word_1_235' title='bbox 581 2610 1021 2687; x_wconf 88' lang='lat' dir='ltr'><strong>Massiliensis,</strong></span> <span class='ocrx_word' id='word_1_236' title='bbox 1069 2613 1206 2691; x_wconf 89' lang='lat' dir='ltr'><strong>pari</strong></span> <span class='ocrx_word' id='word_1_237' title='bbox 1233 2615 1520 2678; x_wconf 86' lang='lat' dir='ltr'><strong>colebant</strong></span> <span class='ocrx_word' id='word_1_238' title='bbox 1547 2614 1692 2675; x_wconf 86' lang='lat' dir='ltr'><strong>fide.</strong></span> <span class='ocrx_word' id='word_1_239' title='bbox 1747 2622 1875 2677; x_wconf 90' lang='lat' dir='ltr'><strong>tum</strong></span> <span class='ocrx_word' id='word_1_240' title='bbox 1904 2630 2160 2692; x_wconf 89' lang='lat' dir='ltr'><strong>quoque</strong></span> <span class='ocrx_word' id='word_1_241' title='bbox 2188 2629 2343 2676; x_wconf 88' lang='lat' dir='ltr'><strong>con-</strong></span> 
     </span>
     <span class='ocr_line' id='line_1_30' title="bbox 367 2695 2340 2777; baseline 0.002 -20"><span class='ocrx_word' id='word_1_242' title='bbox 367 2696 566 2757; x_wconf 89' lang='lat' dir='ltr'><strong>sulem</strong></span> <span class='ocrx_word' id='word_1_243' title='bbox 593 2695 1055 2773; x_wconf 87' lang='lat' dir='ltr'><strong>exercitumque</strong></span> <span class='ocrx_word' id='word_1_244' title='bbox 1085 2698 1341 2761; x_wconf 87' lang='lat' dir='ltr'><strong>comiter</strong></span> <span class='ocrx_word' id='word_1_245' title='bbox 1368 2714 1443 2760; x_wconf 86' lang='lat' dir='ltr'><strong>ae</strong></span> <span class='ocrx_word' id='word_1_246' title='bbox 1465 2697 1732 2775; x_wconf 86' lang='lat' dir='ltr'><strong>benigne</strong></span> <span class='ocrx_word' id='word_1_247' title='bbox 1754 2705 2151 2777; x_wconf 87' lang='lat' dir='ltr'><strong>aeceperunt.</strong></span> <span class='ocrx_word' id='word_1_248' title='bbox 2181 2714 2340 2776; x_wconf 89' lang='lat' dir='ltr'><strong>pau·</strong></span> 
     </span>
     <span class='ocr_line' id='line_1_31' title="bbox 369 2778 2341 2860; baseline 0.002 -21"><span class='ocrx_word' id='word_1_249' title='bbox 369 2795 480 2841; x_wconf 89' lang='lat' dir='ltr'><strong>cos</strong></span> <span class='ocrx_word' id='word_1_250' title='bbox 507 2778 596 2840; x_wconf 91' lang='lat' dir='ltr'><strong>ibi</strong></span> <span class='ocrx_word' id='word_1_251' title='bbox 624 2788 898 2843; x_wconf 90' lang='lat' dir='ltr'><strong>moratus</strong></span> <span class='ocrx_word' id='word_1_252' title='bbox 928 2781 1064 2844; x_wconf 86' lang='lat' dir='ltr'><strong>dies</strong></span> <span class='ocrx_word' id='word_1_253' title='bbox 1087 2782 1255 2857; x_wconf 86' lang='lat' dir='ltr'><strong>Cato,</strong></span> <span class='ocrx_word' id='word_1_254' title='bbox 1288 2782 1433 2843; x_wconf 91' lang='lat' dir='ltr'><strong>dum</strong></span> <span class='ocrx_word' id='word_1_255' title='bbox 1456 2783 1825 2858; x_wconf 83' lang='lat' dir='ltr'><strong>exploraret,</strong></span> <span class='ocrx_word' id='word_1_256' title='bbox 1852 2782 1959 2845; x_wconf 90' lang='lat' dir='ltr'><strong>ubi</strong></span> <span class='ocrx_word' id='word_1_257' title='bbox 1981 2790 2055 2846; x_wconf 89' lang='lat' dir='ltr'><strong>et·</strong></span> <span class='ocrx_word' id='word_1_258' title='bbox 2069 2790 2341 2860; x_wconf 86' lang='lat' dir='ltr'><strong>quantae</strong></span> 
     </span>
     <span class='ocr_line' id='line_1_32' title="bbox 364 2862 2339 2943; baseline 0.002 -20"><span class='ocrx_word' id='word_1_259' title='bbox 364 2862 636 2924; x_wconf 89' lang='lat' dir='ltr'><strong>hostium</strong></span> <span class='ocrx_word' id='word_1_260' title='bbox 675 2863 895 2941; x_wconf 89' lang='lat' dir='ltr'><strong>copiae</strong></span> <span class='ocrx_word' id='word_1_261' title='bbox 935 2874 1178 2940; x_wconf 87' lang='lat' dir='ltr'><strong>essent,</strong></span> <span class='ocrx_word' id='word_1_262' title='bbox 1221 2875 1291 2929; x_wconf 93' lang='lat' dir='ltr'><strong>ut</strong></span> <span class='ocrx_word' id='word_1_263' title='bbox 1318 2883 1397 2928; x_wconf 89' lang='lat' dir='ltr'><strong>ne</strong></span> <span class='ocrx_word' id='word_1_264' title='bbox 1426 2882 1601 2928; x_wconf 89' lang='lat' dir='ltr'><strong>mora</strong></span> <span class='ocrx_word' id='word_1_265' title='bbox 1626 2866 1873 2943; x_wconf 88' lang='lat' dir='ltr'><strong>quidem</strong></span> <span class='ocrx_word' id='word_1_266' title='bbox 1909 2866 2121 2943; x_wconf 83' lang='lat' dir='ltr'><strong>segnis</strong></span> <span class='ocrx_word' id='word_1_267' title='bbox 2144 2875 2339 2937; x_wconf 85' lang='lat' dir='ltr'><strong>esset,</strong></span> 
     </span>
     <span class='ocr_line' id='line_1_33' title="bbox 365 2946 2339 3028; baseline 0.002 -21"><span class='ocrx_word' id='word_1_268' title='bbox 365 2962 548 3009; x_wconf 89' lang='lat' dir='ltr'><strong>omne</strong></span> <span class='ocrx_word' id='word_1_269' title='bbox 569 2946 635 3007; x_wconf 90' lang='lat' dir='ltr'><strong>id</strong></span> <span class='ocrx_word' id='word_1_270' title='bbox 663 2956 908 3026; x_wconf 89' lang='lat' dir='ltr'><strong>tempus</strong></span> <span class='ocrx_word' id='word_1_271' title='bbox 937 2949 1308 3011; x_wconf 84' lang='lat' dir='ltr'><strong>exercendis</strong></span> <span class='ocrx_word' id='word_1_272' title='bbox 1336 2949 1629 3011; x_wconf 83' lang='lat' dir='ltr'><strong>militibus</strong></span> <span class='ocrx_word' id='word_1_273' title='bbox 1658 2950 2064 3028; x_wconf 88' lang='lat' dir='ltr'><strong>consumpsit.</strong></span> <span class='ocrx_word' id='word_1_274' title='bbox 2107 2950 2177 3012; x_wconf 92' lang='lat' dir='ltr'><strong>id</strong></span> <span class='ocrx_word' id='word_1_275' title='bbox 2202 2959 2339 3011; x_wconf 87' lang='lat' dir='ltr'><strong>erat</strong></span> 
     </span>
     <span class='ocr_line' id='line_1_34' title="bbox 271 3031 2337 3111; baseline 0.002 -21"><span class='ocrx_word' id='word_1_276' title='bbox 271 3052 274 3055; x_wconf 44' lang='lat'><strong>⁴</strong></span> <span class='ocrx_word' id='word_1_277' title='bbox 365 3031 523 3092; x_wconf 85' lang='lat' dir='ltr'><strong>forte</strong></span> <span class='ocrx_word' id='word_1_278' title='bbox 563 3039 806 3109; x_wconf 89' lang='lat' dir='ltr'><strong>tempus</strong></span> <span class='ocrx_word' id='word_1_279' title='bbox 846 3032 1020 3106; x_wconf 88' lang='lat' dir='ltr'><strong>anni,</strong></span> <span class='ocrx_word' id='word_1_280' title='bbox 1063 3041 1132 3095; x_wconf 86' lang='lat' dir='ltr'><strong>ut</strong></span> <span class='ocrx_word' id='word_1_281' title='bbox 1170 3036 1541 3096; x_wconf 84' lang='lat' dir='ltr'><strong>frumentum</strong></span> <span class='ocrx_word' id='word_1_282' title='bbox 1568 3033 1633 3095; x_wconf 87' lang='lat' dir='ltr'><strong>in</strong></span> <span class='ocrx_word' id='word_1_283' title='bbox 1660 3034 1825 3098; x_wconf 84' lang='lat' dir='ltr'><strong>areis</strong></span> <span class='ocrx_word' id='word_1_284' title='bbox 1852 3034 2115 3111; x_wconf 89' lang='lat' dir='ltr'><strong>Hispani</strong></span> <span class='ocrx_word' id='word_1_285' title='bbox 2141 3034 2337 3095; x_wconf 87' lang='lat' dir='ltr'><strong>habe-</strong></span> 
     </span>
     <span class='ocr_line' id='line_1_35' title="bbox 361 3114 2335 3194; baseline 0.003 -22"><span class='ocrx_word' id='word_1_286' title='bbox 361 3122 517 3175; x_wconf 87' lang='lat' dir='ltr'><strong>rent.</strong></span> <span class='ocrx_word' id='word_1_287' title='bbox 586 3114 796 3192; x_wconf 88' lang='lat' dir='ltr'><strong>itaque</strong></span> <span class='ocrx_word' id='word_1_288' title='bbox 822 3116 1319 3193; x_wconf 89' lang='lat' dir='ltr'><strong>redemptoribus</strong></span> <span class='ocrx_word' id='word_1_289' title='bbox 1358 3117 1565 3180; x_wconf 86' lang='lat' dir='ltr'><strong>vetitis</strong></span> <span class='ocrx_word' id='word_1_290' title='bbox 1596 3119 1963 3181; x_wconf 79' lang='lat' dir='ltr'><strong>frumentum</strong></span> <span class='ocrx_word' id='word_1_291' title='bbox 2006 3134 2227 3194; x_wconf 89' lang='lat' dir='ltr'><strong>parare</strong></span> <span class='ocrx_word' id='word_1_292' title='bbox 2254 3133 2335 3178; x_wconf 87' lang='lat' dir='ltr'><strong>ac</strong></span> 
     </span>
     <span class='ocr_line' id='line_1_36' title="bbox 361 3197 2333 3279; baseline 0.002 -20"><span class='ocrx_word' id='word_1_293' title='bbox 361 3199 622 3259; x_wconf 88' lang='lat' dir='ltr'><strong>Romam</strong></span> <span class='ocrx_word' id='word_1_294' title='bbox 655 3197 930 3262; x_wconf 88' lang='lat' dir='ltr'><strong>dimissis</strong></span> <span class='ocrx_word' id='word_1_295' title='bbox 958 3201 1262 3277; x_wconf 87' lang='lat' dir='ltr'><strong>„bellum“</strong></span> <span class='ocrx_word' id='word_1_296' title='bbox 1293 3199 1493 3278; x_wconf 87' lang='lat' dir='ltr'><strong>inquit</strong></span> <span class='ocrx_word' id='word_1_297' title='bbox 1520 3218 1633 3277; x_wconf 89' lang='lat' dir='ltr'><strong>„se</strong></span> <span class='ocrx_word' id='word_1_298' title='bbox 1659 3199 1868 3279; x_wconf 87' lang='lat' dir='ltr'><strong>ipsum</strong></span> <span class='ocrx_word' id='word_1_299' title='bbox 1894 3202 2078 3265; x_wconf 88' lang='lat' dir='ltr'><strong>alet.“</strong></span> <span class='ocrx_word' id='word_1_300' title='bbox 2119 3200 2333 3278; x_wconf 79' lang='lat' dir='ltr'><strong>profe-</strong></span> 
     </span>
     <span class='ocr_line' id='line_1_37' title="bbox 363 3282 2337 3363; baseline 0.002 -23"><span class='ocrx_word' id='word_1_301' title='bbox 363 3289 498 3341; x_wconf 89' lang='lat' dir='ltr'><strong>ctus</strong></span> <span class='ocrx_word' id='word_1_302' title='bbox 521 3282 600 3341; x_wconf 92' lang='lat' dir='ltr'><strong>ab</strong></span> <span class='ocrx_word' id='word_1_303' title='bbox 613 3282 922 3359; x_wconf 86' lang='lat' dir='ltr'><strong>Emporiis</strong></span> <span class='ocrx_word' id='word_1_304' title='bbox 940 3300 1125 3359; x_wconf 87' lang='lat' dir='ltr'><strong>agros</strong></span> <span class='ocrx_word' id='word_1_305' title='bbox 1146 3284 1420 3349; x_wconf 88' lang='lat' dir='ltr'><strong>bostium</strong></span> <span class='ocrx_word' id='word_1_306' title='bbox 1441 3284 1561 3346; x_wconf 86' lang='lat' dir='ltr'><strong>urit</strong></span> <span class='ocrx_word' id='word_1_307' title='bbox 1581 3293 1927 3363; x_wconf 85' lang='lat' dir='ltr'><strong>vastatque,</strong></span> <span class='ocrx_word' id='word_1_308' title='bbox 1954 3284 2161 3347; x_wconf 86' lang='lat' dir='ltr'><strong>omnia</strong></span> <span class='ocrx_word' id='word_1_309' title='bbox 2182 3286 2337 3360; x_wconf 80' lang='lat' dir='ltr'><strong>fuga</strong></span> 
     </span>
     <span class='ocr_line' id='line_1_38' title="bbox 363 3367 1068 3443; baseline 0.014 -20"><span class='ocrx_word' id='word_1_310' title='bbox 363 3371 424 3423; x_wconf 88' lang='lat' dir='ltr'><strong>et</strong></span> <span class='ocrx_word' id='word_1_311' title='bbox 449 3371 684 3426; x_wconf 88' lang='lat' dir='ltr'><strong>terrore</strong></span> <span class='ocrx_word' id='word_1_312' title='bbox 719 3367 1010 3443; x_wconf 82' lang='lat' dir='ltr'><strong>complet.</strong></span> <span class='ocrx_word' id='word_1_313' title='bbox 1029 3418 1068 3433; x_wconf 55' lang='lat'><strong>.„</strong></span> 
     </span>
    </p>

    <p class='ocr_par' dir='ltr' id='par_1_3' title="bbox 519 3448 2335 3527">
     <span class='ocr_line' id='line_1_39' title="bbox 519 3448 2335 3527; baseline 0.003 -19"><span class='ocrx_word' id='word_1_314' title='bbox 519 3448 594 3508; x_wconf 91' lang='lat' dir='ltr'><strong>X.</strong></span> <span class='ocrx_word' id='word_1_315' title='bbox 636 3448 872 3509; x_wconf 87' lang='lat' dir='ltr'><strong>Eodem</strong></span> <span class='ocrx_word' id='word_1_316' title='bbox 899 3457 1175 3527; x_wconf 87' lang='lat' dir='ltr'><strong>tempore</strong></span> <span class='ocrx_word' id='word_1_317' title='bbox 1203 3452 1287 3513; x_wconf 89' lang='grc' dir='ltr'><strong>Μ.</strong></span> <span class='ocrx_word' id='word_1_318' title='bbox 1318 3453 1539 3516; x_wconf 88' lang='lat' dir='ltr'><strong>Helvio</strong></span> <span class='ocrx_word' id='word_1_319' title='bbox 1572 3453 1897 3517; x_wconf 86' lang='lat' dir='ltr'><strong>decedenti</strong></span> <span class='ocrx_word' id='word_1_320' title='bbox 1926 3471 2006 3515; x_wconf 86' lang='lat' dir='ltr'><strong>ex</strong></span> <span class='ocrx_word' id='word_1_321' title='bbox 2034 3449 2335 3515; x_wconf 85' lang='lat' dir='ltr'><strong>ulteriore</strong></span> 
     </span>
    </p>
   </div>
  </div>
 </body>
</html>
