2548 3950
558 225 787 288 LIBER
805 227 1069 288 XXXIII.
1104 229 1492 295 CAP.14.15.
1539 240 1855 310 [a.0.197]
2105 239 2190 302 95

220 387 461 442 metum·
490 378 653 441 hosti
696 381 757 440 in
786 378 927 442 finis
958 379 1394 462 Sicyoniorum
1421 388 1970 460 transcendebant;
2015 393 2185 454 navi-

217 465 337 527 bus
382 463 567 525 etiam
608 463 999 526 circumvecti
1039 482 1282 528 omnem
1325 484 1495 529 oram
1527 470 1824 531 Achaiae·
1841 475 2184 537 vastabant.

218 565 359 610 cum
388 548 452 609 id
502 546 759 609 effusius
802 547 1045 624 hostes,
1088 556 1151 610 et
1176 558 1243 611 ut
1268 551 1338 612 fit
1365 553 1444 612 ab
1474 553 1659 613 nimia
1685 555 1943 632 fiducia,
1979 561 2186 634 negle-

216 631 473 708 gentius·
513 631 692 692 etiam
744 633 1045 708 facerent,
1094 634 1413 696 Niceratus
1457 651 1634 713 spem
1675 646 1892 700 nactus
1933 645 2182 717 necopi-

216 724 437 777 nantes
480 730 591 776 eos
620 715 1049 791 adgrediendi,
1094 717 1257 778 circa
1286 719 1569 782 finitimas
1599 721 1876 784 civitates
1905 727 2184 787 nuntium

218 799 528 863 occultum
566 799 773 874 mittit,
815 816 939 875 quo
984 800 1084 860 die
1124 809 1187 862 et
1228 804 1398 878 quod
1425 820 1504 864 ex
1538 821 1784 881 quaque
1816 807 2057 868 civitate
2087 825 2182 868 ar-

214 883 366 944 mati
394 883 474 944 ad
499 883 877 958 Apelaurum
896 916 981 928 —-
1006 883 1430 962 Stymphaliae
1461 895 1662 948 terrae
1691 891 1744 951 is
1775 891 1951 950 locus
1982 899 2078 952 est
2095 925 2184 939 --

216 967 632 1029 convenirent.
684 966 965 1028 omnibus
996 968 1076 1027 ad
1107 968 1269 1028 diem
1299 969 1558 1031 edictam
1589 973 1836 1048 paratis,
1867 975 2182 1048 profectus

210 1051 364 1112 inde
391 1051 696 1126 extemplo
725 1067 839 1127 per
858 1050 1260 1114 Phliasiorum
1291 1053 1447 1114 fines
1477 1063 1656 1116 nocte
1681 1055 1940 1118 Cleonas
1964 1056 2181 1120 insciis

214 1135 533 1209 omnibuS,
586 1135 735 1211 quid
773 1141 1047 1211 pararet,
1094 1139 1392 1210 pervenit.
1468 1147 1642 1200 erant
1680 1147 1880 1201 autem
1923 1157 2062 1202 cum
2101 1159 2179 1203 eo

217 1220 493 1296 quinque
532 1219 695 1279 milia
735 1219 1036 1294 peditum,
1079 1234 1159 1278 ex
1204 1220 1426 1296 quibus
1451 1220 1484 1258 *
1506 1231 1849 1286 armaturae
1890 1225 2076 1300 levis,
2119 1233 2182 1287 et

212 1301 471 1364 trecenti
494 1300 752 1378 equites.
783 1317 921 1364 cum
942 1303 1017 1362 iis
1041 1304 1239 1378 copiis
1268 1304 1538 1368 dimissis
1563 1308 1671 1382 qui
1693 1310 2160 1385 specularentur

215 1403 401 1463 quam
446 1387 506 1446 in
548 1393 784 1462 partem
831 1386 1045 1446 hostes
1093 1387 1482 1449 effunderent
1528 1406 1672 1450 sese
1721 1391 2177 1468 opperiebatur.

211 1469 345 1531 XV.
406 1469 875 1532 Androsthenes
927 1473 1195 1531 omnium
1235 1473 1486 1546 ignarus
1531 1471 1816 1534 Corintho
1859 1475 2178 1550 profectus

212 1555 295 1614 ad
320 1553 607 1614 Nemeam
637 1587 710 1598 --
737 1555 932 1615 amnis
974 1560 1070 1615 est
1106 1554 1476 1616 Corinthium
1519 1564 1580 1618 et
1608 1557 1965 1637 Sicyonium
1995 1558 2176 1618 inter·

211 1639 419 1698 fluens
458 1653 671 1714 agrum
690 1671 778 1682 —
800 1642 1002 1698 castra
1029 1639 1209 1700 locat.
1282 1637 1367 1699 ibi
1393 1645 1566 1714 parte
1595 1641 1842 1703 dimidia
1869 1643 2176 1704 exercitus

213 1721 487 1796 dimissa,
519 1720 829 1783 dimidiam
849 1751 933 1766 -—
954 1721 1245 1784 trifariam
1269 1722 1478 1783 divisit
1495 1754 1580 1764 ——
1603 1732 1664 1786 et
1692 1741 1905 1787 omnes
1935 1726 2175 1802 equites

213 1807 561 1868 discurrere
610 1805 691 1865 ad
729 1807 1203 1881 depopulandos
1246 1807 1426 1868 simul
1464 1807 1910 1871 Pellenensium
1956 1808 2178 1888 Sicyo-

211 1891 507 1966 niumque
546 1905 731 1966 agros
766 1896 827 1949 et
852 1889 1184 1952 Phliasium
1211 1891 1397 1953 iubet.
1467 1891 1623 1952 haec
1650 1893 1766 1954 tria
1795 1893 2042 1954 diversa
2069 1909 2176 1968 ag-

208 1977 378 2037 mina
400 1975 763 2037 discessere.
807 1975 975 2051 quod
995 1975 1101 2036 ubi
1125 1973 1384 2036 Cleonas
1409 1975 1490 2035 ad
1509 1975 1853 2039 Niceratum
1875 1978 2176 2053 perlatum

212 2068 339 2135 est,
384 2061 691 2135 extemplo
720 2057 985 2119 validam
1014 2058 1575 2121 mercennariorum
1603 2078 1846 2123 manum
1875 2062 2172 2136 praemis-

210 2160 349 2205 sam
392 2144 471 2204 ad
513 2142 940 2220 occupandum
982 2145 1233 2219 saltum,
1277 2159 1391 2220 per
1434 2159 1616 2219 quem
1645 2146 1940 2207 transitus
1967 2145 2030 2204 in
2061 2146 2175 2206 Co·

208 2227 498 2289 rinthium
539 2235 635 2289 est
672 2243 914 2303 agrum,
967 2234 1105 2289 ante
1147 2227 1326 2303 signa
1353 2227 1681 2303 equitibuS,
1709 2236 1777 2288 ut
1802 2228 2177 2303 praegrede-

208 2318 451 2386 rentur,
492 2310 739 2386 locatis,
782 2312 919 2387 ipse
960 2312 1284 2373 confestim
1326 2312 1565 2386 agmine
1605 2311 1832 2387 duplici
1875 2311 2172 2385 sequitur.

209 2401 389 2473 parte
436 2410 562 2457 una
600 2396 1002 2456 mercennarii
1040 2395 1261 2455 milites
1302 2394 1470 2454 ibant
1510 2410 1648 2455 cum
1689 2394 1810 2455 levi
1850 2400 2173 2469 armatura,

210 2481 407 2541 altera
447 2479 720 2554 clipeati,
774 2480 839 2539 id
876 2479 941 2539 in
980 2478 1217 2539 illarum
1258 2478 1526 2553 gentium
1570 2478 1940 2539 exercitibus
1983 2478 2175 2539 robur

212 2570 365 2625 erat.
410 2562 529 2623 iam
556 2562 725 2623 haud
752 2564 967 2639 procul
996 2562 1216 2623 castris
1246 2563 1500 2623 aberant
1526 2562 1766 2637 pedites
1787 2562 2170 2638 equitesque,

211 2654 277 2709 et
306 2646 604 2707 Thracum
636 2645 884 2721 quidam
911 2647 970 2706 in
999 2662 1193 2723 vagos
1224 2647 1594 2722 palatosque
1621 2662 1734 2721 per
1763 2662 1948 2721 agros
1974 2646 2173 2706 hostis

210 2732 507 2805 impetum
535 2731 827 2805 fecerunt,
862 2746 1000 2790 cum
1025 2746 1251 2807 repens
1281 2737 1477 2791 terror
1507 2730 1730 2791 castris
1751 2730 2021 2790 infertur.
2053 2736 2174 2789 tre·

211 2814 431 2891 pidare
462 2814 587 2875 dux
603 2858 618 2885 ‚
661 2820 732 2874 ut
759 2813 865 2889 qui
892 2814 1105 2876 hostes
1132 2829 1443 2889 nusquam
1468 2811 1590 2874 nisi
1617 2829 1793 2875 raros
1821 2813 1884 2872 in
1913 2813 2174 2875 collibus

214 2905 358 2959 ante
382 2895 733 2975 Sicyonem,
766 2914 891 2959 non
918 2897 1197 2959 audentis
1228 2912 1448 2973 agmen
1471 2897 1784 2958 demittere
1805 2897 1866 2958 in
1896 2912 2172 2972 campOS,

211 2982 503 3057 vidisset,
546 2980 623 3041 ab
656 2980 897 3043 Cleonis
940 2983 1189 3057 quidem
1214 2976 1585 3043 accessuros
1614 2996 1946 3057 numquam
1977 2978 2172 3049 credi·-

213 3066 430 3127 disset.
474 3066 758 3125 revocari
783 3065 933 3127 tuba
962 3066 1129 3127 iubet
1155 3080 1350 3141 vagos
1380 3081 1418 3125 a
1446 3064 1666 3126 castris
1697 3064 1992 3138 dilapsos.
2036 3063 2174 3136 ipse

211 3148 435 3224 raptim
478 3162 702 3223 capere
747 3164 915 3209 arma
953 3149 1139 3211 iussis
1174 3148 1496 3223 militibus,
1537 3146 1905 3223 infrequenti
1935 3144 2176 3219 agmine

210 3240 395 3308 porta
434 3247 730 3307 egressus
774 3249 963 3309 super
1000 3233 1225 3295 flumen
1255 3230 1499 3291 instruit
1523 3231 1736 3291 aciem.
1801 3235 2040 3289 ceterae
2071 3242 2174 3289 co-

213 3316 353 3391 piae
402 3318 512 3378 vix
558 3316 762 3391 colligi
812 3323 999 3393 atque
1042 3314 1257 3377 instrui
1306 3330 1445 3375 cum
1492 3312 1867 3391 potuissent,
1911 3312 2174 3389 primum

210 3400 479 3463 hostium
533 3401 825 3476 impetum
877 3418 999 3463 non
1046 3402 1328 3469 tulerunt,
1393 3398 1772 3461 Macedones
1811 3404 1874 3457 et
1910 3394 2176 3460 maxime

212 3485 480 3547 omnium
533 3487 889 3561 frequentes
938 3485 1019 3545 ad
1058 3484 1237 3561 signa
1274 3485 1546 3561 fuerant,
1603 3489 1663 3543 et
1703 3482 1810 3543 diu
1847 3477 2175 3555 ancipitem
