2548 3950
486 222 718 285 LIBER
737 223 1004 285 XXXVI.
1053 223 1220 285 cAP.
1252 234 1302 286 1.
1326 234 1377 285 2.
1404 229 1479 297 [a.
1499 230 1566 283 U.
1583 249 1630 283 c.
1648 235 1769 291 561.
1793 249 1841 288 a.
1868 233 1932 285 C.
1960 228 2085 307 191]
2144 228 2269 294 221

414 378 469 428 iu
518 362 828 428 &editionem
883 377 1078 442 accepit
1127 385 1176 427 et
1219 377 1283 427 (le
1337 378 1402 426 iis
1449 376 1796 442 triumphavit.
1867 387 2131 445 praeterea
2180 397 2271 433 ua-

417 446 875 565 :gilgzriuffgamiua
919 460 1167 511 prospera
1217 445 1463 496 adversus
1520 445 1804 511 praefectos
1854 448 2090 501 Antiochi
2132 454 2267 517 regia

483 632 528 689 1.
580 629 645 687 P.
679 628 1020 690 Cornelium
1053 630 1160 691 Cn.
1189 630 1379 691 filium
1412 627 1765 705 Scipionem
1794 638 1854 692 et
1879 630 1979 691 Μ’.
2010 634 2271 697 Acilium

304 714 704 775 Glabrionem
733 714 1022 775 eonsules
1053 714 1200 775 inito
1230 712 1584 789 magistratu
1627 721 1863 790 patres,
1909 716 2269 793 priusquam

305 800 394 858 de
423 796 754 874 provinciis
782 803 1064 871 agerent,
1110 812 1211 858 res
1252 798 1492 857 divinas
1538 797 1742 858 facere
1782 799 2116 862 maioribus
2156 801 2266 865 ho—

305 880 448 943 stiis
477 881 788 941 iusserunt
813 881 873 940 in
917 880 1198 943 omnibus
1240 880 1425 957 sanis,
1466 880 1527 939 in
1569 879 1791 957 quibus
1834 883 2267 946 lectisternium

307 966 606 1026 maiorem
638 971 869 1040 partem
899 964 1041 1024 anni
1071 964 1206 1025 fieri
1233 966 1421 1040 solet,
1450 964 1843 1041 precarique,
1886 968 2055 1042 quod
2090 981 2265 1029 sena-

305 1056 412 1111 tus
441 1048 522 1109 de
547 1064 709 1109 novo
738 1047 900 1109 bello
932 1048 992 1108 in
1024 1048 1223 1111 animo
1253 1048 1536 1121 haberet,
1566 1056 1633 1107 ut
1653 1062 1729 1108 ea
1754 1064 1857 1110 res
1888 1052 2125 1111 senatui
2155 1068 2264 1127 po-

308 1134 588 1209 puloque
613 1132 891 1194 Romano
919 1131 1078 1193 bene
1106 1140 1293 1209 atque
1331 1131 1589 1194 feliciter
1614 1132 1903 1194 eveniret.
1958 1148 2034 1195 ca
2063 1137 2268 1198 omnia

301 1216 615 1277 sacrificia
640 1218 799 1277 laeta
824 1218 1093 1289 fuerunt,
1141 1214 1479 1293 primisque
1516 1215 1733 1278 hostiis
1781 1216 2121 1291 perlitatum
2150 1228 2262 1292 est,

305 1306 376 1361 ct
404 1299 484 1361 ita
513 1300 876 1375 haruspices
902 1302 1389 1376 responderunt,
1434 1316 1509 1361 eo
1537 1299 1699 1361 bello
1731 1303 2021 1363 terminos
2052 1305 2265 1379 populi

305 1384 567 1445 Romani
596 1384 945 1460 propagari,
974 1385 1292 1445 victoriam
1312 1399 1388 1445 ac
1409 1383 1779 1459 triumphum
1809 1387 2071 1445 ostendi.
2110 1386 2268 1449 haec

303 1484 453 1529 cum
479 1469 818 1531 renuntiata
845 1476 1085 1543 essent,
1116 1468 1335 1529 solutis
1364 1466 1659 1543 religione
1687 1468 1903 1528 animis
1930 1476 2136 1544 patres
2163 1485 2263 1531 ro-

301 1552 617 1629 gationem
647 1552 727 1613 ad
753 1554 1049 1628 populum
1077 1553 1219 1612 ferri
1261 1554 1602 1627 iusserunt,
1649 1552 1873 1613 vellent
1907 1551 2265 1615 iuberentne

302 1652 452 1697 cum
480 1637 782 1699 Antiocho
823 1651 998 1713 rege,
1051 1638 1282 1714 quique
1333 1636 1466 1697 eius
1518 1643 1749 1698 sectam
1804 1638 1997 1697 secuti
2034 1646 2262 1714 essent,

303 1719 536 1780 bellum
564 1720 718 1780 iniri.
775 1720 829 1781 si
857 1736 933 1781 ea
959 1722 1194 1797 perlata
1219 1721 1457 1797 rogatio
1488 1728 1683 1793 esset,
1715 1726 1869 1795 tum,
1900 1721 1955 1781 si
1982 1721 2067 1782 ita
2093 1722 2263 1783 vide-

302 1810 476 1864 retur
527 1803 880 1865 consulibus
895 1851 911 1879 ,
966 1821 1094 1866 rem
1145 1805 1439 1881 integram
1490 1806 1570 1867 ad
1622 1811 1901 1866 senatum
1946 1808 2261 1867 referrent.

303 1888 372 1947 Ρ.
401 1887 714 1949 Cornelius
739 1904 872 1949 eam
899 1891 1279 1965 rogationem
1311 1890 1571 1965 pertulit.
1614 1896 1739 1949 tum
1766 1894 2020 1950 senatus
2050 1890 2262 1951 decre·

305 1971 426 2048 vit,
465 1981 530 2034 ut
569 1974 857 2035 consules
886 1974 1119 2035 Italiam
1147 1982 1207 2035 et
1234 1974 1551 2035 Graeciam
1590 1972 1942 2048 provincias
1971 1974 2262 2036 sortiren-

303 2065 438 2126 tur3
504 2057 599 2117 cui
649 2055 902 2119 Graecia
951 2058 1287 2131 evenisset,
1354 2065 1419 2118 ut
1466 2065 1711 2135 praeter
1758 2073 1897 2118 eum
1946 2074 2263 2120 numerum

303 2140 559 2202 militum
589 2157 771 2217 quem
797 2142 864 2202 L.
896 2142 1207 2216 Quinctius
1250 2142 1466 2203 consul
1506 2142 1566 2200 in
1609 2155 1745 2201 eam
1772 2141 2153 2216 provinciam
2185 2159 2261 2202 ex

299 2225 668 2287 auctoritate
692 2235 944 2287 senatus
971 2224 1327 2300 scripsisset
1348 2225 1809 2301 imperassetve‚
1838 2231 1906 2285 ut
1927 2240 2066 2286 eum
2088 2241 2261 2284 exer·

301 2309 494 2369 citum
523 2311 856 2386 acciperet,
890 2325 1070 2386 quem
1092 2309 1173 2369 Μ.
1194 2308 1461 2370 Baebius
1486 2314 1734 2383 praetor
1758 2322 1920 2368 anno
1949 2307 2155 2383 priore
2183 2323 2257 2368 ex

305 2399 564 2454 senatus
593 2396 873 2455 consulto
905 2394 965 2453 in
994 2391 1419 2453 Macedoniam
1454 2391 1813 2453 traiecisset.
1857 2397 1919 2450 et
1946 2396 2119 2452 extra
2146 2391 2258 2452 Ita-

303 2477 448 2536 liam
480 2477 843 2552 permissum
872 2486 967 2551 ut,
1009 2478 1062 2538 si
1101 2492 1202 2537 res
1244 2478 1649 2552 postulasset,
1693 2473 1919 2534 auxilia
1947 2475 2023 2534 ab
2053 2477 2260 2550 soeiiS,

306 2575 388 2618 ne
430 2577 623 2636 supra
660 2561 933 2637 quinque
961 2561 1188 2621 milium
1219 2576 1566 2632 numerum,
1610 2559 1935 2634 acciperet.
1977 2559 2045 2618 L.
2078 2558 2261 2634 Quin·

301 2644 490 2703 etium
536 2645 874 2719 superioris
917 2644 1058 2704 anni
1103 2646 1419 2705 consulem
1459 2642 1651 2720 legari
1677 2643 1757 2703 ad
1784 2642 1849 2703 id
1879 2642 2101 2704 bellum
2132 2646 2261 2720 pla-

305 2726 452 2788 cuit.
497 2730 648 2789 alter
670 2729 907 2803 consul,
933 2730 1029 2790 cui
1049 2728 1219 2790 Italia
1237 2727 1557 2804 provincia
1580 2727 1905 2803 evenisset,
1932 2743 2070 2790 cum
2091 2729 2261 2790 Boiis

307 2812 517 2872 iussus
538 2810 762 2874 bellum
786 2828 1001 2888 gerere
1022 2819 1157 2874 utro
1182 2813 1456 2874 exercitu
1476 2813 1681 2872 mallet
1702 2828 1781 2873 ex
1805 2811 2067 2886 duobus,
2101 2827 2260 2888 quos

305 2896 662 2970 superiores
695 2897 982 2959 consules
1023 2896 1413 2972 habuissent,
1455 2898 1710 2958 alterum
1747 2904 1815 2958 ut
1854 2896 2113 2957 mitteret
2138 2897 2261 2957 Ro-

303 2995 499 3054 mam,
527 2994 761 3055 eaeque
791 2981 1062 3042 urbanae
1091 2981 1365 3056 legiones
1396 2988 1609 3042 essent
1651 2988 1898 3056 paratae
1926 2996 2050 3055 quo
2080 2994 2259 3039 sena·

304 3079 408 3124 tus
451 3065 813 3126 censuisset.
873 3066 945 3124 11.
991 3065 1088 3124 his
1129 3065 1214 3126 ita
1251 3066 1314 3124 in
1357 3071 1576 3125 senatu
1620 3063 1701 3124 ad
1740 3063 1834 3137 id,
1884 3077 2044 3138 quae
2085 3062 2261 3122 cuius

307 3147 626 3222 provincia
665 3149 851 3219 foret,
905 3147 1198 3221 decretiS,
1245 3155 1371 3208 tum
1422 3148 1667 3208 demum
1715 3145 1920 3206 sortiri
1970 3146 2261 3206 consules

308 3233 554 3308 placuit.
598 3231 798 3295 Acilio
815 3230 1089 3303 Graecia,
1104 3229 1384 3290 Cornelio
1408 3230 1578 3290 ltalia
1599 3229 1818 3289 evenit.
1850 3236 2015 3290 certa
2038 3223 2261 3290 deinde

307 3321 475 3375 sorte
518 3329 768 3376 senatus
811 3314 1156 3376 consultum
1195 3315 1421 3374 factum
1460 3321 1586 3389 est,
1631 3313 1799 3390 quod
1839 3313 2107 3389 populus
2136 3311 2259 3375 Ra-

306 3415 524 3460 manus
553 3417 629 3462 eo
661 3410 932 3476 tempore
963 3399 1229 3458 duellum
1270 3397 1559 3458 iussisset
1595 3412 1739 3458 esse
1780 3413 1919 3458 eum
1958 3412 2107 3473 rege
2134 3399 2257 3457 An·

305 3483 512 3544 tiocho
545 3483 774 3561 quique
803 3483 918 3544 sub
946 3482 1200 3557 imperio
1230 3482 1363 3542 eius
1393 3487 1630 3554 essent,
1675 3489 1741 3542 ut
1780 3482 1912 3542 eius
1942 3497 2031 3542 rei
2074 3497 2260 3542 causa
2302 3549 2309 3556 .
