2548 3950
367 212 494 279 260
692 210 922 271 LIBER
950 209 1246 269 xxxvn.
1291 206 1457 267 cAP.
1493 216 1542 268 1.
1587 214 1661 281 [a.
1692 186 1847 265 nse.
1877 213 2003 279 562}

369 365 760 441 queremibus
775 410 790 436 ,
840 363 920 423 ad
949 360 1145 423 Canas
1194 358 1417 420 classis
1460 359 1660 427 venit3
1727 364 1790 417 et
1816 356 2106 419 cum'iam
2125 357 2341 425 ‚hiems

367 456 702 524 appeteret,
733 447 910 507 fossa
937 446 1225 521 valloque
1254 442 1646 503 circumdatis
1675 456 1869 501 naves
1900 441 2266 504 subductae.

534 531 718 591 Exitu
747 530 890 589 anni
919 527 1164 591 comitia
1184 527 1421 586 Romae
1446 522 1651 586 habita
1668 571 1684 600 ,
1716 524 1943 601 quibus
1972 526 2165 587 creati
2194 536 2347 588 sunt

368 616 660 677 consules
689 614 756 673 L.
789 611 1107 675 Cornelius
1139 608 1351 685 Scipio
1382 617 1444 669 et
1474 608 1535 669 C.
1558 608 1833 683 Laelius,
1865 606 1935 649 *¹¹³
1961 609 2343 672 intuentibus

367 699 604 761 cunctis
635 699 718 759 ad.
745 696 1081 757 finiendum
1111 708 1249 755 eum
1278 692 1585 754 Antiocho
1626 692 1874 754 bellum.
1934 701 2192 767 postero
2240 695 2345 755 die

365 789 689 857 praetores
733 778 922 841 creati
959 778 1041 839 Μ.
1072 777 1337 839 Tuccius
1364 776 1433 837 L.
1464 776 1928 839 Aurunculeius.
1950 776 2057 837 Cn.
2082 776 2345 839 Fulvius

364 865 432 925 L.
463 864 764 925 Aemilius
793 863 856 922 P.
887 862 1100 924 lunius
1133 860 1196 921 C.
1225 859 1471 923 Atinius
1500 859 1726 922 Labeo.
1878 863 1891 869 '

328 584 366 605 δ

1013 1206 1300 1302 ΤΙΤΙ
1389 1206 1674 1299 lel

859 1353 976 1417 AB
1039 1354 1303 1419 URBE
1370 1354 1834 1419 CONDITA

901 1480 916 1491 ·
1061 1469 1285 1532 LIBER
1326 1468 1621 1532 XXXVII.

1177 1612 1519 1623 ψ*-

395 1734 690 1787 ΕΡΙΤΟΜΕ.
746 1736 806 1785 L.
829 1734 1088 1786 Cornelius
1109 1734 1278 1802 Scipio
1299 1736 1477 1787 consul
1491 1772 1507 1796 ,
1537 1736 1706 1802 legato
1732 1738 1788 1785 P.
1811 1733 2051 1800 Scipione
2070 1734 2339 1797 Africano,

467 1806 556 1867 qui
575 1819 632 1855 se
648 1804 874 1869 legatum
893 1803 1062 1854 fratris
1082 1804 1307 1855 futurum
1328 1805 1553 1863 dixerat,
1592 1806 1639 1854 si
1666 1806 1715 1855 ei
1734 1803 1943 1855 Graecia
1959 1804 2231 1869 provincia
2250 1806 2342 1855 de·

411 1917 414 1921 .
470 1880 756 1925 cerneretur
769 1909 784 1931 ,
819 1886 935 1923 cum
973 1870 1030 1922 G.
1065 1874 1238 1925 Laelio
1251 1909 1266 1933 ,
1316 1874 1406 1937 qui
1441 1873 1656 1923 multum
1691 1874 1745 1923 in
1778 1880 1961 1924 senatu
1994 1880 2225 1939 poterat,
2278 1890 2342 1924 ea

462 1944 724 2009 provincia
753 1942 862 1994 dari
883 1940 1148 2003 videretur,
1169 1941 1429 2009 profectus
1458 1941 1524 1993 ad
1549 1940 1739 1994 bellum
1758 1942 2005 1994 adversus
2022 1942 2339 1994 Antiochum

462 2013 742 2078 gerendum
761 2049 774 2071 ,
815 2013 865 2060 in
891 2012 1065 2060 Asiam
1083 2013 1278 2078 primus
1301 2014 1528 2062 omnium
1546 2012 1891 2062 Romanorum
1911 2013 2097 2062 ducum
2116 2013 2335 2064 traiecit.

465 2081 711 2130 Aemilius
730 2080 959 2146 Regillus
995 2079 1242 2131 adversus
1272 2082 1469 2146 regiam
1498 2081 1711 2134 classem
1742 2081 1980 2131 Antiochi
2003 2079 2219 2130 feliciter
2238 2097 2337 2147 pu·

465 2152 641 2214 gnavit
659 2149 726 2199 ad
743 2149 1072 2216 Myonnesum
1092 2149 1305 2201 Rhodiis
1325 2150 1701 2201 adiuvantibus.
1740 2149 1877 2200 filius
1896 2149 2123 2202 Africani
2142 2151 2206 2200 ab
2230 2155 2337 2200 An·

457 2218 630 2268 tiocho
651 2227 830 2284 captus
848 2219 983 2283 patri
1009 2220 1254 2270 remissus
1286 2228 1385 2274 est.
1424 2218 1511 2268 Μ’.
1528 2218 1727 2269 Acilius
1747 2218 1953 2270 Glabrio
1978 2219 2043 2270 de
2058 2219 2335 2280 Antiocho,

461 2303 613 2350 quem
629 2286 839 2338 Graecia
859 2287 1122 2353 expulerat
1136 2325 1149 2348 ,
1190 2296 1239 2339 et
1269 2288 1335 2338 de
1352 2287 1549 2340 Aetolis
1578 2287 1931 2352 triumphavit.
1976 2287 2109 2338 victo
2146 2288 2337 2338 deinde

459 2356 711 2406 Antiocho
733 2373 763 2406 a
783 2356 840 2407 L.
864 2355 1092 2407 Cornelio
1117 2354 1373 2422 Scipione,
1396 2357 1668 2408 adiuvante
1686 2357 1911 2406 Eumene
1934 2365 2057 2421 rege
2073 2355 2333 2421 Pergami,

466 2425 626 2474 Attali
641 2425 775 2490 filio,
811 2439 916 2490 pax
941 2424 1058 2476 data
1077 2433 1154 2474 est
1179 2439 1240 2474 ea
1259 2425 1573 2490 condicione,
1608 2434 1666 2475 ut
1696 2426 1930 2478 omnibus
1952 2425 2234 2490 provinciis
2262 2428 2335 2474 ci·

463 2499 542 2542 tra
578 2494 796 2544 Taurum
833 2500 1054 2542 montem
1093 2494 1311 2543 cederet.
1368 2493 1611 2554 Eumeni,
1656 2509 1756 2558 quo
1794 2494 1997 2545 iuvante
2040 2493 2333 2544 Antiochus

463 2563 628 2612 victus
668 2570 800 2626 erat,
852 2575 1065 2626 reg-num
1109 2561 1425 2626 ampliatum.
1480 2562 1697 2614 Rhodiis
1738 2577 1941 2626 quoque
1955 2599 1969 2622 ‚
2020 2563 2111 2626 qui
2150 2571 2200 2612 et
2229 2563 2331 2627 ipsi

461 2633 720 2695 iuverant,
757 2630 1006 2692 quaedam
1029 2630 1260 2680 civitates
1278 2645 1568 2683 concessae.
1606 2631 1803 2682 colonia
1827 2631 2047 2682 deducta
2063 2637 2143 2680 est
2161 2629 2331 2682 Bono-

459 2699 562 2752 nia.
598 2698 849 2748 Aemilius
867 2697 1126 2762 Regillus,
1166 2700 1252 2760 qui
1287 2699 1572 2764 praefectos
1590 2699 1825 2750 Antiochi
1852 2700 2015 2750 navali
2052 2701 2333 2750 certamine

459 2765 678 2830 vicerat,
715 2766 947 2815 navalem
967 2763 1280 2832 triumphum
1298 2767 1463 2818 duxit.
1502 2767 1560 2818 L.
1585 2767 1847 2819 Cornelius
1868 2767 2040 2834 Scipio
2059 2804 2073 2827 ‚
2100 2769 2185 2831 qui
2212 2784 2331 2818 cum

455 2833 706 2884 Antiocho
740 2834 1109 2900 debellaverat,
1148 2838 1453 2900 cognomine
1494 2837 1640 2887 fratri
1672 2847 1921 2901 aequatus
1944 2837 2199 2886 Asiaticus
2238 2853 2330 2900 ap·

455 2901 670 2966 peilatus
698 2911 789 2952 est.

520 3016 565 3074 I.
629 3015 697 3076 L.
743 3017 1020 3080 Cornelio
1061 3017 1353 3095 Scipione
1396 3019 1457 3082 C.
1487 3016 1695 3082 L'aelio
1749 3020 2105 3082 consulibus
2153 3023 2329 3083 nulla

349 3100 524 3175 prius
554 3102 895 3168 secundum
923 3103 1254 3179 religiones
1282 3111 1419 3166 acta
1440 3105 1503 3164 in
1526 3112 1746 3166 senatu
1772 3120 1875 3165 res
1904 3111 2003 3165 est
2030 3120 2219 3180 quum
2246 3106 2327 3166 de

348 3185 607 3246 Aetolis.
665 3193 727 3246 et
765 3188 946 3263 legati
988 3204 1204 3249 eorum
1244 3188 1530 3250 insistere
1546 3234 1562 3261 ‚
1605 3188 1747 3264 quia
1775 3190 2027 3249 brevem
2054 3189 2326 3250 indutia-

347 3283 481 3327 rum
511 3269 672 3329 diem
699 3269 1036 3346 habebant,
1077 3279 1138 3333 et
1177 3273 1256 3332 ab
1297 3270 1361 3329 T.
1394 3271 1703 3346 Quinctio,
1748 3272 1853 3348 qui
1890 3279 2014 3332 tum
2056 3273 2325 3334 Romam

346 3365 427 3408 ex
459 3351 714 3412 Graecia
751 3354 1044 3429 redierat,
1097 3356 1289 3416 adiuti
1316 3362 1477 3416 sunt.
1542 3355 1776 3431 Aetoli,
1805 3364 1872 3417 ut
1916 3356 2139 3432 quibus
2172 3358 2321 3431 plus

353 3434 414 3492 in
433 3435 852 3497 misericordia
882 3447 1130 3500 senatus
1160 3456 1344 3515 quam
1370 3439 1427 3500 in
1457 3455 1648 3500 causa
1676 3441 1811 3515 spei
1843 3447 2041 3510 esset,
2076 3442 2323 3516 suppli-
