2548 3950
291 216 337 282 σ
679 211 910 273 menn
938 211 1145 272 xxxi.
1193 209 1440 274 cAP.·1.
1484 215 1555 284 [a.
1590 214 1660 266 υ.
1690 232 1737 267 0.
1768 213 1893 281 552]

295 371 435 430 dem
465 367 715 428 dubium
744 373 857 440 est,
889 364 1031 440 quin
1057 362 1257 424 hunc
1241 377 1446 437 ipsum
1468 361 1829 437 Philippum,
1861 368 2109 435 pactum
2131 361 2255 422 iam

293 472 403 530 pe1
435 456 667 526 legatos
703 450 1058 524 litterasque
1090 463 1229 507 cum
1257 445 1627 517 Hannibale,
1670 453 1736 505 ut
1764 444 1824 504 in
1854 444 2087 505 ltaliam
2110 444 2256 506 trai-

295 544 459 598 ceret
498 536 688 594 misso
732 550 871 593 cum
911 534 1115 593 classe
1141 531 1443 601 Laevino,
1491 527 1595 604 qui
1634 529 1792 589 ultro
1822 527 1880 588 ei
1905 526 2176 588 bellum
2159 545 2252 589 ιιι-

291 624 489 692 serret,
519 620 578 676 in
600 616 966 678 Macedonia
989 611 1486 675 continuerimus.
1536 618 1597 672 et
1620 614 1788 688 quod
1810 618 1953 672 tunc
1975 612 2256 688 fecimus,

291 722 427 764 cum
479 704 714 762 hostem
755 698 1155 760 Hannibalern
1205 698 1268 756 in
1311 697 1481 757 ltalia
1528 694 1924 786 haberemuS,
1976 695 2039 755 id
2091 710 2256 756 nunc

291 792 469 862 pulso
505 786 671 846 ltalia
699 784 1054 854 Hannibale,
1086 779 1344 841 devictis
1374 740 1974 854 Carthaginiensibus
2006 787 2255 840 cuncta-

288 890 423 930 mm
467 873 710 930 facere?
771 867 1074 942 patiamur
1115 861 1545 940 expugnandis
1589 863 1879 938 Athenis,
1932 864 2092 926 sicut
2139 862 2257 924 Sa—

288 964 473 1030 gunto
521 950 938 1027 expugnando
982 947 1387 1009 Hannibalern
1428 947 1599 1044 passi
1643 963 1888 1022 sumuS,
1932 947 2257 1023 segnitiam

286 1048 559 1098 nostram
591 1032 868 1111 experiri·
895 1048 1121 1107 regem.
1191 1046 1315 1090 non
1360 1030 1570 1105 quinto
1613 1031 1755 1092 inde
1782 1046 2022 1107 mense,
2069 1047 2256 1106 quem

288 1126 365 1182 ad
419 1122 665 1178 modum
715 1117 792 1176 ab
835 1116 1112 1191 Sagunto
1152 1114 1487 1188 Hannibal,
1540 1115 1652 1174 sed
1705 1115 1917 1189 quinto
1960 1112 2105 1175 inde
2147 1113 2251 1175 die

291 1224 471 1280 quam
509 1202 582 1262 ab
609 1200 895 1263 Corintho
927 1199 1180 1260 solverit
1205 1214 1416 1272 naveS,
1447 1195 1507 1257 in
1532 1194 1765 1258 ltaliam
1793 1199 2127 1274 perveniet.
2173 1213 2256 1257 ne

286 1284 695 1362 aequaveritis
733 1283 1055 1345 Hannibali
1094 1281 1469 1358 Philippum,
1523 1296 1601 1341 ne
1644 1279 2248 1356 Carthaginiensibus

284 1374 679 1432 Macedonas.
749 1368 988 1465 Pyrrho
1039 1371 1204 1426 certe
1246 1365 1607 1440 aequabitis.
1679 1365 2023 1463 aequabitis
2066 1365 2255 1426 dico?

288 1464 581 1530 quantum
609 1454 703 1512 vel
736 1452 830 1511 vir
856 1450 987 1511 viro
1019 1451 1118 1510 vel
1145 1465 1300 1524 gens
1330 1449 1494 1523 genti
1524 1455 1826 1524 praestat!
1871 1449 2119 1510 minima
2147 1464 2251 1510 ac-

286 1540 489 1600 cessio
523 1551 767 1610 semper
784 1534 1008 1611 Epirus
1039 1549 1232 1608 regno
1254 1531 1656 1594 Macedoniae
1686 1533 1813 1607 fuit,
1843 1538 1905 1593 et
1928 1532 2113 1594 hodie
2136 1539 2253 1593 est.

284 1624 778 1696 Peloponnesum
798 1624 986 1678 totam
1009 1616 1070 1676 in
1095 1617 1342 1679 dicione
1352 1616 1673 1693 Philippus
1696 1616 1899 1690 habet,
1916 1618 2254 1692 Argosque

285 1708 491 1782 ips05‚
537 1719 660 1763 non
689 1708 898 1761 vetere
928 1702 1090 1760 fama
1117 1702 1315 1776 magis
1348 1717 1533 1775 quarn
1562 1706 1758 1761 morte
1782 1699 2003 1779 Pyrrhi
2035 1699 2255 1762 nobili·

284 1796 465 1850 tatos.
513 1792 725 1848 nostra
752 1799 915 1845 nunc
946 1800 1252 1858 compara.
1299 1793 1527 1859 quanto
1559 1785 1754 1859 magis
1786 1783 2106 1845 florentem
2133 1785 2261 1846 Ita-

284 1876 455 1946 liam,
501 1878 725 1948 quanto
756 1869 951 1944 magis
980 1868 1248 1944 integras
1278 1883 1381 1928 res
1414 1868 1602 1928 salvis
1631 1869 1910 1942 ducibuS,
1944 1868 2135 1930 salvis
2164 1875 2256 1930 tot

286 1954 687 2029 exercitibuS,
731 1969 891 2030 quos
921 1949 1215 2013 Punicum
1244 1958 1465 2028 postea
1491 1951 1719 2013 bellum
1750 1952 2111 2030 absumpsit,
2144 1952 2255 2014 ad-

284 2056 539 2114 gressus
585 2037 860 2117 Pyrrhus
911 2044 1114 2097 tamen
1165 2037 1506 2111 concussit,
1564 2046 1625 2098 et
1674 2037 1869 2098 victor
1918 2053 2114 2114 prope
2165 2036 2248 2095 ad

284 2126 479 2201 ipsam
527 2122 735 2183 urbem
765 2117 1103 2183 Romanam
1146 2122 1339 2183 venit!
1388 2137 1502 2180 nec
1530 2120 1839 2181 Tarentini
1880 2122 2067 2183 modo
2114 2136 2254 2181 ora-

286 2227 405 2285 que
449 2211 549 2267 illa
577 2207 813 2281 Italiae,
860 2222 1042 2282 quam
1070 2206 1364 2267 maiorem
1400 2204 1714 2265 Graeciam
1744 2211 2000 2277 vocant,
2045 2213 2111 2264 ut
2135 2201 2254 2263 lin-

282 2311 495 2369 guam,
537 2298 602 2353 ut
629 2306 851 2353 nomen
880 2298 1129 2352 secutos
1161 2291 1479 2363 credereS‚
1524 2288 1640 2349 sed
1667 2289 1955 2350 Lucanus
1984 2297 2046 2349 et
2074 2289 2256 2348 Brut-

282 2381 401 2437 tius
437 2387 493 2435 et
515 2377 755 2436 Samnis
780 2376 857 2435 ab
881 2376 1062 2437 nobis
1085 2375 1461 2435 defecerunt.
1506 2373 1663 2433 haec
1686 2389 1823 2447 vos,
1854 2373 1908 2433 si
1930 2372 2248 2447 Philippus

284 2467 340 2519 in
373 2461 601 2519 ltaliam
629 2459 1064 2531 transmiserit,
1109 2457 1392 2533 quietura
1422 2463 1526 2518 aut
1552 2473 1844 2519 mansura
1871 2457 1932 2517 in
1966 2456 2089 2517 fide
2119 2470 2234 2514 cre

284 2547 465 2603 ditis?
511 2548 861 2602 manserunt
891 2541 1050 2599 enim
1070 2540 1300 2600 Punico
1334 2547 1555 2615 postea
1574 2540 1757 2602 bello.
1793 2555 2125 2616 numquam
2151 2538 2257 2599 isti

282 2647 361 2703 po
373 2629 513 2701 puli,
545 2623 662 2685 nisi
694 2640 832 2685 cum
863 2624 1058 2687 deerit
1084 2624 1166 2683 ad
1196 2641 1379 2699 quem
1411 2624 1779 2698 desciscant,
1811 2625 1889 2685 ab
1918 2624 2099 2686 nobis
2125 2639 2255 2685 non

282 2713 585 2769 deficient.
659 2710 713 2768 si
755 2708 1058 2787 piguisset
1097 2723 1212 2768 vos
1243 2709 1304 2768 in
1335 2709 1605 2768 Africam
1636 2709 1925 2781 traicere,
1971 2708 2157 2769 hodie
2185 2708 2253 2767 in

280 2797 449 2852 ltalia
509 2791 904 2851 Hannibalem
956 2799 1018 2852 et
1070 2790 1607 2867 Carthaginienses
1663 2793 1859 2855 hostis
1917 2792 2252 2853 haberetis.

280 2876 646 2935 Macedonia
696 2874 902 2950 potius
959 2892 1143 2951 quam
1183 2876 1357 2937 Italia
1404 2876 1633 2937 bellum
1674 2875 1927 2949 habeat,
1980 2876 2253 2938 hostiurn

278 2961 465 3021 urbes
519 2959 774 3035 agrique
826 2960 986 3020 ferro
1039 2966 1222 3033 atque
1271 2960 1398 3035 igni
1450 2967 1781 3023 vastentur.
1847 2958 2085 3038 experti
2125 2959 2251 3019 iam

280 3063 493 3103 sumus
520 3043 669 3105 foris
692 3043 874 3103 nobis
891 3060 1074 3119 quam
1100 3044 1263 3104 domi
1286 3045 1560 3106 feliciora
1581 3045 2055 3121 potentioraque
2078 3059 2253 3103 arma

280 3147 439 3188 esse.
509 3131 589 3191 ite
629 3126 692 3189 in
735 3126 1094 3202 suffragium
1143 3129 1300 3188 bene
1347 3128 1694 3191 iuvantibus
1739 3127 1928 3203 divis,
1978 3135 2039 3190 et
2083 3142 2252 3202 quae

278 3223 485 3287 patres
515 3219 901 3284 censuerunt,
937 3228 1049 3273 vos
1079 3212 1303 3274 iubete.
1347 3212 1529 3273 huius
1552 3214 1730 3273 vobis
1756 3212 2096 3275 sententiae
2119 3227 2247 3271 non

280 3301 495 3355 consul
541 3296 726 3357 modo
775 3304 985 3357 auctor
1025 3303 1149 3367 est,
1195 3297 1311 3357 sed
1354 3294 1533 3357 etiarn
1574 3297 1658 3357 dii
1684 3296 2090 3368 immortales,
2138 3295 2246 3369 qui

278 3379 423 3439 mihi
457 3380 822 3440 sacrificanti
857 3382 1286 3455 precantique,
1328 3387 1396 3440 ut
1422 3379 1541 3441 hoc
1568 3381 1795 3441 bellum
1825 3379 1969 3440 mihi
2002 3378 2246 3439 senatui

282 3463 612 3539 vobisque,
658 3464 846 3524 sociis
876 3479 950 3525 ac
979 3465 1207 3524 nomini
1236 3464 1470 3535 Latino,
1502 3463 1808 3527 classibus
1836 3462 2248 3523 exercitibus·-
