2548 3950
615 195 846 255 LIBER
872 193 1106 254 XXXII.
1155 195 1431 256 CAP.21.
1476 196 1782 274 [a.c.198]
2109 197 2193 260 65

223 347 412 420 igitur
464 351 737 406 nostrum
791 347 890 404 ille
939 346 1227 406 auxilium
1280 346 1505 406 absens
1558 354 1707 422 petit
1756 347 1961 424 potius
2009 365 2189 424 quam

221 428 532 507 praesens
562 445 676 488 nos
707 429 916 489 socios
946 435 1188 489 veteres
1220 429 1399 489 simul
1430 431 1506 489 ab
1534 431 1768 490 Nabide
1798 449 1870 492 ac
1898 433 2190 493 Romanis

219 519 513 575 tueatur?
563 527 680 572 nos
723 513 905 570 dico?
957 513 1103 587 quid
1146 515 1228 572 ita
1261 530 1487 588 passus
1530 521 1627 574 est
1662 515 1957 576 Eretriam
2002 517 2189 596 Cary-

221 605 518 672 stumque
548 597 730 670 capi?
767 595 912 670 quid
942 595 1022 656 ita
1049 603 1136 656 tot
1155 595 1510 658 Thessaliae
1530 599 1758 658 urbes?
1798 601 1941 674 quid
1972 601 2052 660 ita
2074 600 2192 660 Lo-

225 682 462 743 cridem
489 679 992 754 Plioeidemque2
1038 681 1184 754 quid
1225 682 1310 740 ita
1351 697 1511 741 nune
1538 682 1807 742 Elateam
1846 687 2187 758 oppugnari

225 765 496 841 patitur?
553 779 660 824 cur
699 764 969 824 excessit
1009 763 1288 824 saucibus
1316 765 1483 839 Epiri
1512 767 1923 842 claustrisque
1952 767 2069 827 illis
2099 769 2189 826 in-

226 845 745 922 expugnabilibus
789 863 978 920 super
1006 848 1206 906 Aoum
1249 863 1485 908 amnem
1524 849 1649 924 [aut
1679 849 1735 908 vi
1768 859 1871 911 aut
1897 857 2058 910 metu
2090 861 2191 911 aut

227 935 599 1003 voluntateJ,
655 931 992 1004 relictoque
1049 947 1228 1003 quem
1278 932 1581 991 insidebat
1631 935 1789 993 saltu
1836 935 2079 1008 penitus
2129 935 2187 992 in

224 1031 484 1090 regnum
513 1013 701 1074 abiit?
743 1015 796 1072 si
827 1029 942 1073 sua
969 1015 1280 1074 voluntate
1303 1022 1390 1076 tot
1411 1015 1620 1076 socios
1644 1017 1888 1092 reliquit
1908 1017 2188 1078 hostibus

227 1098 635 1173 diripiendos
671 1098 1091 1172 quirecusare
1123 1106 1343 1172 potest,
1383 1100 1525 1174 quin
1558 1106 1619 1158 et
1647 1101 1800 1160 socii
1825 1101 1941 1161 sibi
1968 1117 2187 1160 consu-

225 1185 398 1243 lant?
440 1183 494 1242 si
522 1188 714 1256 metu,
754 1180 937 1241 *nobis
983 1196 1230 1257 quoquc
1269 1184 1553 1258 ignoscat
1585 1185 1951 1245 timentibus.
2020 1185 2070 1244 si
2106 1186 2186 1243 vi-

230 1273 369 1326 ctus
422 1265 606 1326 armis
661 1266 879 1338 cessit,
929 1265 1159 1324 Achaei
1201 1266 1479 1326 Romana
1526 1283 1695 1327 arma
1735 1269 2187 1340 sustinebimuS,

225 1349 638 1421 Cleomedon,
693 1363 852 1423 quae
906 1360 1018 1408 vos
1058 1349 1432 1410 Macedones
1474 1367 1593 1410 non
1640 1352 2059 1410 sustinuistis?
2108 1363 2185 1410 ‘an

231 1433 338 1492 tibi
379 1433 584 1507 potius
627 1434 950 1493 credamus
977 1433 1292 1493 Romanos
1333 1449 1454 1493 non
1482 1433 1815 1494 maioribus
1848 1435 2043 1508 copiis
2076 1448 2191 1492 nee

225 1516 464 1576 viribus
491 1530 654 1576 nunc
683 1517 908 1575 bellum
941 1531 1172 1590 gerere,
1207 1533 1389 1591 quam
1421 1524 1598 1576 antea
1632 1517 1951 1591 gesserint,
1984 1517 2188 1592 potius

231 1616 419 1674 quam
459 1616 564 1660 res
603 1600 776 1674 ipsas
819 1600 1200 1660 intueamur?
1241 1603 1499 1660 Aetolos
1544 1607 1668 1660 tum
1713 1602 1912 1660 classe
1942 1602 2185 1661 adiuve-

229 1690 406 1753 runt3
450 1699 564 1742 nec
610 1685 768 1743 duce
803 1685 1110 1743 consulari
1142 1699 1253 1743 nec
1284 1685 1549 1744 exercitu
1578 1683 1801 1744 bellum
1834 1693 2187 1757 gesserunt;

231 1767 544 1828 sociorum
573 1766 834 1841 Philippi
879 1765 1212 1826 maritimae
1251 1774 1379 1828 tum
1417 1769 1601 1828 urbes
1644 1768 1703 1826 in
1732 1775 1967 1827 terrore
1996 1785 2069 1828 ac
2098 1775 2191 1828 tu-

225 1850 422 1910 multu
464 1857 665 1919 erant;
706 1849 1149 1909 mediterranea
1191 1853 1347 1912 adeo
1388 1858 1515 1911 tuta
1554 1853 1631 1911 ab
1678 1853 1859 1912 armis
1896 1851 2187 1911 Romanis

225 1935 504 2005 fuerunt,
547 1941 614 1995 ut
639 1933 956 2009 Philippus
985 1935 1241 1996 Aetolos
1273 1936 1643 2011 nequiquam
1678 1951 1859 2009 opem
1886 1935 2189 1996 Romano·

227 2036 365 2079 rum
423 2018 802 2093 implorantis
862 2019 1369 2094 depopularetur:
1444 2036 1607 2080 nunc
1663 2026 1865 2079 autem
1922 2020 2187 2079 defuncti

227 2103 394 2162 bello
436 2100 664 2161 Punico
706 2102 994 2173 Romani,
1051 2102 1219 2178 quod
1269 2118 1381 2178 per
1429 2102 1742 2163 sexdecim
1786 2117 1982 2162 annos
2024 2104 2191 2162 velut

230 2184 388 2245 intra
415 2187 658 2245 viscera
682 2186 890 2245 Italiae
917 2188 1359 2255 toleraverunt,
1398 2204 1518 2246 non
1552 2186 1926 2259 praesidium
1955 2186 2188 2245 Aetolis

227 2268 596 2329 bellantibus
631 2269 958 2342 miserunt,
1001 2270 1114 2329 sed
1142 2270 1261 2343 ipsi
1293 2269 1482 2329 duces
1512 2269 1653 2327 belli
1682 2284 1851 2326 arma
1878 2274 2038 2327 terra
2065 2284 2189 2326 ma-

228 2352 412 2427 rique
461 2352 639 2411 simul
679 2352 1079 2413 Macedoniae
1129 2354 1473 2412 intulerunt.
1546 2351 1757 2410 tertius
1806 2350 1923 2409 iam
1976 2353 2187 2411 consul

231 2451 473 2495 summa
498 2436 558 2494 vi
595 2436 749 2510 gerit
776 2435 1020 2495 bellum.
1067 2434 1373 2509 Sulpicius
1403 2436 1461 2495 in
1494 2436 1632 2511 ipsa
1652 2434 2014 2495 Macedonia
2046 2450 2183 2495 con·

229 2534 490 2595 gressus
533 2520 685 2579 fudit
727 2520 1080 2595 fugavitque
1121 2534 1359 2594 regem,
1406 2527 1639 2595 partem
1670 2520 2185 2594 opulentissimam

226 2604 402 2678 regni
430 2603 562 2662 eius
587 2603 1030 2677 depopulatus:
1076 2620 1237 2663 nunc
1261 2604 1575 2677 Quinctius
1596 2609 1901 2664 tenentem
1928 2604 2190 2663 claustra

225 2686 417 2761 Epiri,
433 2693 646 2746 natura
668 2688 786 2747 loci
811 2688 1193 2748 munimentis
1218 2690 1487 2749 exercitu
1508 2690 1741 2761 fretum,
1758 2687 1975 2748 castris
1992 2688 2189 2756 exuit;

227 2770 558 2845 fugientem
582 2770 640 2827 in
653 2770 1029 2831 Thessaliam
1053 2778 1414 2846 persecutus
1440 2773 1749 2847 praesidia
1770 2771 1937 2845 regia
1957 2771 2189 2831 socias-

231 2870 356 2929 que
384 2854 516 2913 eius
557 2854 742 2913 urbes
776 2870 972 2929 prope
1000 2855 1057 2913 in
1091 2864 1429 2930 conspectu
1455 2857 1620 2931 regis
1650 2856 1845 2929 ipsius
1877 2869 2191 2929 expugna-

227 2938 335 2997 vit.
381 2952 461 2995 ne
502 2937 625 2997 sint
663 2953 811 2996 vera
855 2953 1014 3013 quae
1041 2936 1434 2999 Atheniensis
1462 2939 1648 3000 modo
1678 2939 1915 3012 legatus
1948 2938 2025 2996 de
2056 2954 2189 2996 cru-

232 3020 479 3081 delitate
508 3021 759 3081 avaritia
793 3021 1037 3081 libidine
1065 3024 1228 3097 regis
1261 3022 1579 3094 disseruit,
1612 3021 1759 3081 nihil
1792 3022 1867 3079 ad
1900 3036 2017 3079 nos
2048 3034 2185 3093 per·

227 3106 460 3165 tineant
489 3120 648 3178 quae
678 3105 737 3165 in
763 3113 928 3165 terra
957 3106 1156 3165 Attica
1185 3108 1422 3165 scelera
1449 3108 1508 3165 in
1542 3118 1805 3179 superos
1836 3104 2190 3177 inferosque

231 3188 385 3248 deos
417 3194 561 3248 sunt
589 3188 878 3260 admissa,
923 3192 1108 3249 multo
1139 3192 1340 3248 minus
1372 3204 1531 3263 quae
1563 3188 1724 3247 Ciani
1757 3184 2190 3261 Abydenique,

232 3274 335 3346 qui
377 3274 592 3348 procul
638 3272 715 3331 ab
751 3271 930 3331 nobis
961 3274 1214 3345 absunt,
1262 3272 1433 3346 passi
1464 3278 1635 3338 sunt;
1687 3274 2037 3329 nostrorum
2069 3270 2187 3343 ipsi

231 3358 580 3428 vulnerum,
611 3355 663 3413 si
693 3355 906 3427 vultiS‚
941 3356 1401 3428 obliviscamur,
1436 3354 1659 3413 caedes
1691 3353 2189 3427 direptionesque

227 3438 529 3499 bonorum
551 3438 878 3499 Messenae
901 3438 958 3497 in
985 3439 1186 3499 media
1207 3438 1636 3512 Peloponneso
1662 3438 1871 3511 sactaS,
1898 3443 1958 3495 et
1978 3436 2189 3511 hospi-

311 3538 362 3581 τ.
390 3538 515 3581 L1v1
545 3536 698 3580 rans
726 3522 830 3580 IV.
1728 3529 1765 3575 a
