2548 3950
294 264 423 331 142
554 265 787 326 LIBER
806 264 1073 325 XXXIV.
1115 265 1281 326 CAP.
1306 274 1393 327 20.
1416 274 1502 326 21.
1526 274 1612 326 22.
1658 273 1729 338 [a.
1754 270 1822 322 U.
1847 267 2048 345 aaa]

291 417 482 479 stituit
528 416 723 490 signa.
791 413 875 476 ibi
917 416 1289 477 delectarum
1330 414 1668 475 cohortium
1709 414 2030 476 stationem
2073 413 2253 477 relin-

294 516 523 578 quens,
579 500 893 576 praecepit
930 500 1038 571 iiS,
1083 514 1161 558 ne
1203 514 1276 559 se
1318 513 1399 559 ex
1439 513 1514 558 eo
1556 498 1695 560 loco
1740 505 1878 558 ante
1919 507 2253 574 moverent,

291 600 474 660 quam
503 583 642 659 ipse
670 582 751 642 ad
779 597 890 644 eos
921 583 1212 643 venisset.
1280 587 1517 652 ceteras
1548 581 1763 657 copias
1793 582 1875 642 ad
1907 581 2258 643 ulteriorem

290 675 525 744 partem
552 667 722 727 urbis
754 666 1170 727 circumducit.
1227 664 1558 726 maximum
1591 681 1670 725 ex
1699 664 1983 727 omnibus
2014 665 2256 726 auxiliis

289 766 607 812 numerum
639 749 1051 810 Suessetanae
1078 749 1410 810 iuventutis
1439 749 1735 810 habebat=
1780 765 1891 810 eos
1915 749 1995 809 ad
2018 765 2257 808 murum

291 835 772 911 oppugnandum
818 832 1026 893 subire
1068 832 1253 893 iubet.
1321 849 1582 909 quorum
1624 832 1730 894 ubi
1760 847 1929 892 arma
1956 831 2257 906 signaque

288 919 576 980 Lacetani
607 931 971 993 cognovere,
1004 932 1330 991 memoreS,
1363 932 1545 992 quam
1570 931 1760 992 saepe
1782 916 1845 975 in
1871 931 2018 991 agro
2043 931 2256 975 eorum

289 1002 540 1078 impune
567 1003 1032 1077 persultassent,
1068 1001 1351 1077 quotiens
1382 1001 1560 1076 ipsos
1584 999 1777 1075 signis
1802 999 2038 1062 collatis
2064 999 2256 1059 fudis-

291 1094 430 1148 sent
483 1086 959 1160 fugassentque,
1010 1085 1315 1160 patefacta
1363 1089 1617 1161 repente
1668 1090 1845 1158 porta
1879 1082 2153 1144 universi
2194 1083 2257 1142 in

290 1185 401 1230 eos
453 1174 791 1243 erumpunt.
857 1168 963 1227 vix
1014 1169 1342 1228 clamorem
1391 1183 1632 1241 eorum,
1692 1167 1917 1228 nedum
1967 1166 2258 1241 impetum

293 1251 654 1314 Suessetani
683 1253 965 1310 tulerunt.
1015 1251 1184 1326 quod
1213 1258 1564 1326 postquam,
1606 1251 1765 1310 sicut
1794 1252 2059 1311 futurum
2087 1256 2257 1310 ratus

290 1343 447 1410 erat,
492 1337 709 1396 consul
751 1334 884 1394 fieri
927 1335 1102 1394 etiam
1148 1335 1327 1409 vidit,
1372 1350 1534 1412 equo
1567 1334 1747 1395 citato
1779 1334 1988 1396 subter
2017 1350 2258 1394 murum

289 1420 556 1482 bostium
586 1420 667 1478 ad
700 1419 987 1479 cohortes
1020 1418 1320 1492 avehitur,
1354 1427 1539 1495 atque
1570 1435 1677 1478 eas
1708 1427 2005 1494 arreptaS,
2038 1416 2257 1478 effusis

292 1503 574 1565 omnibus
606 1503 687 1562 ad
717 1504 1074 1578 sequendos
1101 1503 1536 1578 SuessetanoS,
1569 1519 1693 1578 qua
1722 1502 2026 1563 silentium
2056 1517 2130 1560 ac
2155 1517 2257 1561 so·

290 1587 481 1649 litudo
514 1591 662 1658 erat,
694 1586 755 1644 in
779 1585 993 1646 urbem
1017 1586 1284 1657 inducit;
1317 1587 1615 1663 priusque
1638 1586 1843 1648 omnia
1866 1585 2043 1660 cepit,
2072 1601 2259 1659 quam

290 1685 363 1731 se
389 1668 734 1744 reciperent
757 1669 1065 1730 Lacetani.
1124 1686 1269 1729 mox
1298 1672 1473 1747 ipsos
1502 1670 1647 1729 nihil
1681 1676 1924 1745 praeter
1951 1684 2122 1728 arma
2146 1667 2257 1726 ha-

289 1752 489 1813 bentis
535 1752 597 1810 in
628 1751 1000 1812 deditionem
1027 1755 1285 1828 accepit.
1350 1755 1504 1814 XXI.
1549 1754 1871 1814 confestim
1900 1753 2043 1812 inde
2065 1751 2260 1812 victor

257 1911 260 1914 Α
291 1837 372 1896 ad
395 1835 685 1909 Vorgium
711 1841 979 1895 castrum
1001 1836 1186 1896 ducit.
1230 1838 1687 1912 receptaculum
1707 1837 1771 1897 id
1792 1837 2055 1895 maxime
2078 1850 2257 1910 prae-

291 1921 522 1981 donum
552 1924 698 1994 erat,
733 1925 794 1979 et
821 1919 966 1980 inde
995 1919 1380 1981 incursiones
1410 1921 1470 1981 in
1500 1936 1683 1996 agros
1717 1927 1969 1995 pacatos
2004 1919 2253 1995 provin-

292 2003 425 2063 ciae
466 2003 598 2063 eius
639 2003 886 2064 fiebant.
953 2004 1279 2079 transfugit
1318 2005 1462 2064 inde
1503 2006 1584 2065 ad
1615 2006 1930 2065 consulem
1964 2004 2255 2079 princeps

288 2088 732 2161 Vergestanus,
764 2093 826 2147 et
851 2103 1116 2162 purgare
1145 2104 1215 2147 se
1245 2104 1319 2148 ac
1341 2089 1660 2163 popularis
1686 2088 1917 2163 coepit:
1963 2103 2087 2148 non
2112 2102 2257 2169 esse

290 2170 351 2229 in
381 2186 567 2231 manu
605 2171 761 2246 ipsis
802 2187 929 2230 rem
972 2172 1313 2247 publicam3
1360 2172 1705 2247 praedones
1747 2178 2035 2247 receptos
2063 2176 2258 2231 totum

291 2268 445 2316 suae
487 2254 806 2330 potestatis
847 2255 911 2315 id
953 2263 1220 2315 castrum
1257 2256 1503 2315 fecisse.
1571 2255 1788 2317 consul
1828 2270 1967 2315 eum
2010 2255 2258 2316 domum

288 2338 492 2399 redire
523 2339 785 2400 conficta
816 2340 1021 2414 aliqua
1043 2338 1361 2415 probabili,
1396 2355 1505 2400 cur
1528 2339 1803 2414 afuisset,
1836 2354 2026 2400 causa
2047 2339 2257 2399 iussitz

292 2437 431 2483 cum
460 2437 530 2482 se
559 2439 768 2484 muros
799 2424 1046 2483 subisse
1077 2430 1356 2483 cerneret
1381 2422 1772 2499 intentosque
1798 2423 2146 2498 praedones
2175 2422 2258 2482 ad

291 2507 519 2566 tuenda
546 2506 791 2567 moenia
818 2522 979 2580 esse,
1008 2512 1136 2565 tum
1154 2506 1241 2566 uti
1265 2522 1403 2566 cum
1427 2522 1578 2567 suae
1600 2506 1882 2567 factionis
1905 2504 2254 2567 hominibus

291 2589 669 2649 meminisset
696 2603 898 2650 arcem
931 2605 1257 2664 occupare.
1322 2590 1403 2664 id,
1433 2590 1518 2651 uti
1549 2597 1967 2665 praeceperat,
2000 2589 2255 2651 factumz

291 2680 543 2748 repente
589 2687 821 2749 anceps
848 2680 1074 2744 terror,
1119 2672 1260 2733 hinc
1293 2690 1500 2734 muros
1531 2674 2005 2734 ascendentibus
2032 2674 2255 2735 Roma-

293 2756 407 2829 niS,
438 2756 602 2815 illinc
633 2763 1005 2832 arcecapta,
1031 2756 1334 2817 barbaros
1366 2757 1773 2819 circumvasit.
1818 2756 1999 2818 huius
2026 2758 2254 2833 potitus

291 2839 413 2899 loci
452 2840 670 2899 consul
721 2854 833 2901 eos
885 2840 989 2915 qui
1039 2855 1243 2902 arcem
1293 2849 1613 2903 tenuerant
1661 2842 1887 2904 liberos
1930 2856 2075 2903 esse
2116 2857 2256 2901 cum

292 2922 572 2997 cognatis
602 2939 843 2998 suaque
871 2922 1098 2983 habere
1126 2923 1325 2999 iussit,
1351 2928 1768 3001 Vergestanos
1798 2932 2040 2987 ceteros
2066 2940 2254 3001 quae-

291 3008 442 3067 stori
469 3012 537 3067 ut
563 3007 862 3068 venderet
900 3006 1257 3082 imperavit;
1298 3009 1377 3070 de
1418 3009 1836 3085 praedonibus
1880 3009 2254 3085 supplicium

293 3092 574 3166 sumpsit.
648 3098 868 3167 pacata
904 3092 1222 3166 provincia
1260 3094 1583 3168 vectigalia
1611 3110 1844 3170 magna
1881 3093 2138 3155 instituit
2175 3108 2256 3153 ex

292 3174 559 3235 ferrariis
604 3176 1121 3253 argentariisque3
1169 3176 1392 3253 quibus
1421 3184 1546 3238 tum
1575 3177 1859 3240 institutis
1888 3177 2256 3253 locupletior

291 3258 350 3318 in
382 3258 516 3319 dies
548 3260 866 3335 provincia
892 3260 1022 3320 fuit.
1066 3259 1147 3321 ob
1175 3260 1290 3321 has
1320 3277 1421 3321 res
1451 3268 1658 3335 gestas
1689 3262 1748 3321 in
1775 3262 2078 3336 Hispania
2106 3277 2253 3336 sup-

291 3341 681 3416 plicationem
710 3343 770 3403 in
798 3344 1064 3405 triduum
1092 3350 1303 3421 patres
1334 3345 1755 3406 decreverunt.

457 3425 640 3485 XXII.
694 3426 925 3487 Eadem
970 3432 1203 3488 aestate
1237 3428 1391 3487 alter
1421 3431 1636 3489 consul
1665 3429 1732 3488 L.
1763 3428 2049 3489 Valerius
2077 3428 2250 3489 Flac-

292 3522 404 3568 cus
446 3508 507 3566 in
540 3508 734 3568 Gallia
773 3525 911 3570 eum
938 3510 1230 3572 Boiorum
1263 3510 1539 3573 exercitu
1566 3519 1819 3587 propter
1844 3512 2121 3572 Litanam
2149 3511 2259 3572 sit-
