2548 3950
376 163 507 230 372
632 165 862 226 LmER
888 161 1210 224 xxxvm.
1256 161 1420 222 CAP.
1449 170 1537 224 56.
1562 171 1649 226 57.
1693 169 1764 234 [a
1786 169 1857 223 u.
1882 185 1930 226 ο.
1961 169 2090 236 ⁵6⁵]
2166 241 2175 248 ,

376 314 514 378 cani
544 321 650 376 aut
677 315 797 375 diei
827 313 1024 376 dictae
1044 313 1338 374 Africano
1369 313 1561 372 ullam⁴
1577 313 1952 374 mentionem
1970 311 2178 374 habet.
2233 313 2368 376 alia

372 406 502 460 tota
530 397 798 459 serenda,
828 397 1033 458 fabula
1054 405 1150 458 est
1172 396 1430 456 Gracchi
1447 396 1713 460 ,orationi
1736 395 2136 469 convenienS‚
2173 403 2247 478 et
2273 398 2364 458 illi

374 488 660 544 auctores
690 481 993 557 sequendi
1022 486 1195 554 sunt,
1241 479 1376 555 qui,
1408 493 1546 541 cum
1573 479 1642 538 L.
1661 478 1885 555 ,Scipio
1916 487 1982 540 et
2009 489 2358 544 accusatus

373 573 435 628 et
462 565 784 625 damnatus
814 564 895 624 sit
924 563 1220 639 pecuniae
1248 568 1466 637 captae
1494 561 1573 636 ab
1595 577 1760 638 rege,
1790 565 2057 638 legatum
2077 563 2142 622 in
2166 564 2355 626 Etru·

372 649 463 708 ria
504 649 699 708 ruisse
737 647 1091 708 Africanum
1125 647 1403 718 tradunt,
1447 661 1572 721 quo
1616 651 1760 722 post
1799 647 2021 707 famam
2061 647 2146 706 de
2195 663 2356 710 casu

372 731 575 792 fratris
615 731 877 792 adlatam
915 731 1124 790 relicta
1164 730 1468 804 legatione
1509 729 1860 790 cucurrisse
1889 745 2032 790 eum
2055 730 2352 807 Romam,

370 820 432 875 et
462 830 599 874 cum
627 831 665 874 a
696 820 878 890 porta
904 819 1073 874 recta
1100 813 1181 873 ad
1202 813 1404 875 forum
1426 828 1498 873 se
1521 812 1901 888 contulisset,
1929 815 2102 890 quod
2125 815 2190 873 in
2213 816 2352 875 vin-

372 900 511 958 cula
552 897 693 959 duci
730 900 974 958 tratrem
1002 896 1226 956 dictum
1258 904 1418 967 erat,
1459 895 1813 972 reppulisse
1841 913 1880 956 a
1908 913 2174 973 corpore
2205 900 2350 960 eius

368 983 681 1057 viatorem,
711 989 774 1043 et
800 979 1057 1042 tribunis
1084 979 1480 1040 retinentibus
1507 980 1704 1055 magis
1735 980 1838 1054 pie
1865 996 2042 1056 quam
2073 980 2350 1042 civiliter

366 1065 487 1124 vim
532 1065 779 1126 secisse.
839 1064 981 1132 hinc
1008 1063 1168 1123 enim
1202 1064 1342 1137 ipse
1367 1064 1455 1136 Ti.
1486 1063 1800 1124 Gracchus
1831 1065 2102 1138 queritur
2128 1065 2343 1127 disso-

368 1149 555 1209 lutam
581 1163 727 1208 esse
749 1164 787 1206 a
806 1147 1044 1222 privato
1074 1146 1458 1208 tribuniciam
1479 1154 1876 1222 potestatem3
1908 1148 2068 1209 etad
2091 1157 2340 1222 postre-

368 1247 563 1305 mum,
606 1246 745 1291 cum
772 1230 1067 1291 auxilium
1094 1228 1161 1289 L.
1190 1228 1465 1306 Scipioni
1501 1230 1848 1306 pollicetur,
1896 1230 2084 1290 adicit
2109 1235 2340 1292 tolera·

364 1312 601 1376 bilioris
616 1314 881 1389 exempli
903 1328 1047 1375 esse
1066 1311 1360 1374 atribuno
1384 1314 1586 1388 plebi-s
1609 1315 1814 1389 potius
1831 1329 2012 1390 quam
2027 1330 2064 1374 a
2087 1317 2336 1388 privato

368 1397 587 1458 victam
632 1398 825 1459 videri
870 1405 931 1458 et
968 1395 1352 1458 tribuniciam
1377 1402 1743 1478 potestatem
1771 1404 1834 1459 et
1855 1413 1987 1456 rem
2019 1398 2336 1472 publicam

368 1495 528 1542 esse.
568 1482 685 1548 sed
712 1482 797 1540 ita
821 1480 980 1540 hanc
1008 1495 1190 1551 unam
1220 1481 1612 1555 impotentem
1635 1481 1770 1542 eius
1797 1481 2078 1542 iniuriam
2099 1481 2335 1542 invidia

373 1571 607 1638 onerat,
636 1570 704 1625 ut
730 1563 1103 1638 increpando
1134 1565 1302 1638 quod
1335 1563 1720 1640 degenerarit
1746 1571 1975 1626 tantum
2004 1581 2045 1624 a
2071 1565 2330 1640 seipse,

368 1649 705 1706 cumulatas
734 1646 790 1705 ei
820 1655 1060 1708 veteres
1088 1648 1305 1708 laudes
1335 1648 1772 1709 moderationis
1799 1654 1862 1708 et
1887 1650 2330 1722 temperantiae

372 1744 485 1804 pro
542 1728 1025 1802 reprehensione
1072 1731 1382 1804 praesenti
1435 1731 1682 1791 reddat:
1733 1733 2140 1806 castigatum.
2168 1733 2324 1794 enim

373 1811 684 1887 quondam
726 1811 802 1872 ab
832 1827 906 1872 eo
937 1813 1233 1887 populum
1264 1815 1374 1885 ait,
1421 1815 1590 1890 quod
1617 1830 1757 1875 eum
1784 1823 2148 1889 perpetuum
2177 1831 2318 1875 con0

362 1895 559 1957 sulem
587 1904 648 1957 et
676 1897 1031 1958 dictatorem
1058 1897 1241 1956 vellet
1261 1897 1496 1968 facere3
1528 1897 1926 1973 prohibuisse
1947 1905 2179 1959 statuas
2203 1899 2324 1959 sibi

362 1978 423 2040 in
456 1980 732 2055 comitio,
774 1981 835 2040 in
865 1982 1137 2056 RostriS,
1170 1982 1230 2041 in
1261 1982 1466 2056 auriag
1489 1982 1551 2041 in
1577 1982 1909 2057 capitolio,
1951 1981 2014 2041 in
2043 1982 2200 2043 cella
2227 1984 2321 2043 Ιοθ

365 2064 457 2123 vis
508 2065 686 2139 poni;
752 2064 1147 2139 prohibuisse
1196 2080 1277 2125 ne
1321 2065 1782 2137 decerneretur,
1839 2072 1907 2126 ut
1951 2064 2156 2141 imago
2210 2083 2322 2127 sua

366 2146 712 2223 triumphali
754 2157 973 2210 ornatu
1014 2164 1049 2209 e
1088 2150 1314 2224 templo
1355 2148 1520 2209 Iovis
1564 2150 1772 2225 optimi
1823 2146 2069 2209 maximi
2109 2148 2317 2210 exiret.

362 2229 541 2289 LVll.
586 2232 740 2292 haec
768 2236 867 2293 vel
907 2231 971 2291 in
1000 2232 1350 2294 laudatione
1388 2232 1592 2308 posita
1626 2233 1933 2307 ingentem
1961 2233 2304 2307 magnitudi-

363 2330 499 2373 nem
524 2316 703 2375 animi
725 2316 1097 2377 moderantis
1120 2317 1201 2377 ad
1223 2316 1458 2376 civilem
1480 2314 1750 2377 habitum
1771 2316 2108 2377 honoribus
2133 2316 2321 2391 signi-

360 2398 630 2470 ficarent,
658 2416 819 2478 quae
842 2400 1276 2475 exprobrando
1298 2397 1576 2460 inimicus
1602 2402 1841 2460 fatetur.
1875 2398 2020 2460 huic
2043 2398 2310 2460 Graccho

364 2481 661 2541 minorem
707 2499 785 2543 ex
816 2483 1055 2544 duabus
1084 2483 1226 2543 filiis
1247 2514 1334 2527 -
1351 2498 1491 2543 nam
1520 2482 1717 2544 maior
1740 2482 1806 2542 P.
1839 2481 2120 2544 Cornelio
2147 2482 2310 2543 Nasi-

361 2579 472 2623 cae
512 2566 678 2625 haud
718 2567 902 2626 dubie
942 2583 980 2625 a
1021 2572 1193 2641 patre
1238 2565 1538 2627 collocata
1577 2572 2100 2641 erat—nuptam.
2124 2566 2309 2626 fuisse

364 2648 665 2706 convenit.
728 2648 877 2709 illud
912 2666 1129 2723 parum
1160 2654 1416 2723 constat,
1443 2658 1644 2710 utrum
1671 2657 1817 2725 post
1841 2656 2101 2711 mortem
2125 2650 2306 2723 patris

356 2737 419 2789 et
448 2729 764 2805 desponsa
794 2730 874 2790 sit
898 2732 1294 2807 etnupserit,
1335 2748 1414 2791 an
1441 2748 1626 2794 verae
1652 2734 1791 2793 illae
1819 2734 2146 2808 opiniones
2174 2733 2300 2805 sint,

362 2812 703 2873 Gracchum
720 2860 735 2886 ,
780 2830 918 2877 cum
944 2815 1014 2874 L.
1044 2814 1253 2889 Scipio
1283 2815 1346 2875 in
1373 2816 1619 2877 vincula
1648 2817 1977 2876 duceretur
2003 2832 2117 2876 nec
2145 2817 2298 2889 quis—

360 2913 544 2969 quam
592 2899 967 2973 collegarum
1012 2898 1241 2959 auxilio
1285 2907 1481 2975 esset,
1533 2900 1772 2960 iurasse
1815 2897 1934 2958 sibi
1973 2896 2298 2959 inimicitias

358 2994 496 3039 cum
526 2980 950 3056 Scipionibus,
996 2998 1157 3057 quae
1182 2984 1472 3057 fuissent,
1515 2998 1792 3054 manere,
1833 2997 1948 3042 nec
1983 2998 2056 3041 se
2083 2981 2298 3055 gratiae

360 3066 753 3138 quaerendae
794 3080 981 3126 eausa
1027 3067 1356 3140 quicquam
1385 3068 1620 3128 facere:
1662 3066 1776 3127 sed
1804 3065 1868 3125 in
1897 3080 2076 3140 quem
2107 3079 2294 3123 carce-

358 3162 488 3205 rem
529 3162 708 3222 reges
750 3154 814 3209 et
851 3149 1251 3225 imperatores
1293 3148 1562 3211 hostium
1603 3150 1925 3211 ducentem
1961 3146 2214 3207 vidisset
2232 3145 2292 3206 P.

356 3230 736 3307 Africanum,
778 3230 839 3292 in
883 3248 1023 3292 eum
1064 3248 1135 3293 se
1174 3233 1418 3292 tratrem
1455 3234 1590 3294 eius
1632 3233 1773 3293 duci
1802 3247 1924 3292 non
1959 3245 2289 3307 passurum.

358 3317 636 3371 senatum
666 3330 742 3373 eo
773 3313 871 3373 die
898 3316 1056 3375 forte
1082 3314 1143 3374 in
1174 3312 1470 3388 Capitolio
1499 3322 1810 3375 cenantem
1841 3310 2286 3374 consurrexisse

358 3397 418 3447 et
442 3394 685 3467 petisse,
702 3402 769 3456 ut
790 3395 944 3457 inter
967 3398 1183 3471 epulas
1200 3396 1474 3457 Graccho
1498 3398 1683 3455 filiam
1695 3397 2022 3457 Africanus
2037 3396 2278 3468 despon-
