2548 3950
519 257 752 318 LIBER
777 257 990 318 XXXI.
1035 259 1198 318 CAP.
1220 267 1307 320 39.
1332 269 1420 320 40.
1467 266 1539 334 [a.
1565 266 1631 320 c.
1656 262 1782 340 200]
2046 261 2130 324 35

173 409 363 474 versis
393 409 686 472 limitibus
717 416 1009 470 terrorem
1042 411 1322 486 praebuit
1349 411 1615 472 subitum
1645 413 1827 474 hosti.
1882 431 2131 475 movere

171 497 370 572 itaque
401 508 481 553 ex
493 493 1041 568 PluinnaRomani,
1074 501 1134 554 et
1163 493 1614 570 adosphagum
1646 495 1869 556 flumen
1902 514 2115 573 posue-

169 587 302 640 runt
351 585 571 638 castra.
630 591 746 636 rex
793 577 957 638 haud
1011 580 1229 652 procul
1273 579 1416 638 inde
1456 587 1515 638 et
1556 580 1694 654 ipse
1733 581 1895 640 vallo
1940 598 2131 656 super

173 665 357 740 ripam
398 661 595 722 amnis
643 661 828 720 ducto
855 661 1297 737 —Erigonum
1341 663 1577 723 incolae
1619 671 1846 726 vocant
1870 693 1957 705 —
1986 680 2128 725 con-

171 747 341 808 sedit.
399 745 542 805 inde
571 745 722 805 satis
753 746 1439 822 compertoEordaeam
1470 747 1767 822 petituros
1795 749 2123 823 Romanos»,

169 832 246 890 ad
275 829 674 905 occupandas
702 829 1036 904 angustias
1081 846 1161 890 ne
1190 847 1487 906 superare
1515 831 1727 892 hostes
1758 832 1902 892 artis
1936 833 2125 894 fauci-

171 916 280 975 bus
319 911 626 976 inclusum
666 913 896 974 aditum
928 919 1215 990 possent,
1258 916 1618 990 praecessit,
1679 915 1762 974 ibi
1800 917 1919 976 alia
1944 919 2127 992 vallo,

166 999 282 1057 alia
309 997 501 1072 fossa,
531 996 652 1056 alia
680 997 952 1072 lapidum
983 997 1287 1073 congerie,
1318 1005 1387 1058 ut
1411 1014 1525 1072 pro
1547 1014 1722 1058 muro
1748 1006 1975 1070 essent,
2010 1000 2128 1059 alia

164 1080 486 1142 arboribus
527 1079 814 1155 obiectis,
862 1088 931 1142 ut
969 1087 1076 1141 aut
1116 1082 1293 1142 loeus
1334 1080 1690 1157 postulabat
1728 1087 1836 1141 aut
1874 1082 2125 1143 materia

164 1165 596 1243 suppeditabat
643 1181 910 1242 propere
950 1167 1304 1243 permuniit,
1354 1173 1539 1243 atque
1574 1174 1644 1228 ut
1685 1168 1821 1244 ipse
1860 1168 2123 1242 rebatur,

165 1253 323 1310 viam
357 1255 575 1324 suapte
604 1255 824 1310 natura
841 1249 1154 1309 difficilem
1175 1251 1432 1312 obiectis
1456 1267 1570 1328 per
1592 1267 1807 1313 omnes
1830 1253 2119 1312 transitus

162 1332 456 1410 operibus
497 1333 1034 1409 inexpugnabilem
1064 1334 1222 1395 fecit.
1289 1341 1460 1394 erant
1489 1336 1786 1410 pleraque
1816 1336 2123 1396 silvestria

163 1420 355 1491 circa,
398 1417 786 1477 incommoda
830 1416 1119 1492 phalangi
1160 1418 1423 1476 maxime
1460 1416 1898 1491 Macedonum,
1946 1434 2123 1492 quae,

161 1501 280 1562 nisi
305 1499 415 1561 ubi
453 1500 804 1576 praelongis
845 1501 1040 1562 hastis
1068 1503 1234 1562 velut
1260 1503 1490 1561 vallum
1522 1509 1659 1562 ante
1688 1501 1923 1576 clipeos
1956 1501 2126 1562 obie-

161 1587 256 1660 cit,
290 1585 459 1660 quod
486 1590 555 1645 ut
579 1585 702 1658 fiat,
733 1583 924 1644 libero
957 1600 1174 1659 campo
1208 1601 1369 1660 opus
1400 1592 1511 1658 est,
1544 1585 1766 1646 nullius
1790 1586 2121 1648 admodum

161 1685 314 1730 usus
345 1675 458 1728 est.
501 1667 770 1728 Thracas
803 1682 1053 1743 quoque
1079 1670 1381 1744 rumpiae‚
1406 1670 1667 1746 ingentis
1698 1677 1759 1730 et
1787 1672 1963 1747 ipsae
1995 1675 2121 1731 lon·

159 1752 473 1830 gitudinis,
504 1752 661 1812 inter
683 1752 960 1813 obiectos
981 1753 1254 1826 undique
1276 1771 1482 1815 ramos
1504 1755 1937 1830 impediebant.
1985 1756 2124 1815 Cre-

157 1837 422 1900 tensium
449 1853 574 1897 una
596 1836 822 1898 cohors
853 1853 974 1897 non
1003 1837 1228 1898 inutilis
1259 1846 1417 1899 erata
1462 1839 1576 1898 sed
1605 1854 1681 1898 ea
1712 1854 1959 1915 quoque
1986 1840 2126 1915 ipsa

155 1929 254 1999 ut,
295 1921 351 1983 si
395 1921 532 1997 quis
573 1920 863 1997 impetum
899 1921 1154 1994 faceret,
1199 1921 1260 1981 in
1292 1929 1599 1999 patentem
1628 1923 1867 1983 vulneri
1897 1938 2124 2001 equum

155 2005 552 2083 equitemque
593 2006 848 2080 sagittas
882 2005 1164 2066 conicere
1193 2013 1461 2080 poterat,
1508 2008 1591 2068 ita
1618 2008 1918 2069 adversus
1950 2016 2128 2068 scuta

153 2093 438 2152 Romana
477 2104 592 2149 nec
633 2090 713 2149 ad
751 2088 1151 2149 traiciendum
1197 2091 1349 2151 satis
1375 2107 1661 2167 magnam
1688 2092 1812 2151 vim
1840 2091 2124 2163 habebat,

151 2190 274 2235 nee
304 2173 499 2249 aperti
528 2172 858 2248 quicquam
886 2180 1017 2233 erat
1047 2174 1213 2250 quod
1241 2180 1535 2250 peterent.
1594 2172 1801 2249 itaque
1830 2174 1895 2233 id
1920 2184 1987 2236 ut
2015 2192 2123 2235 va-

152 2275 305 2319 num
337 2257 442 2317 teli
482 2272 676 2332 genus
719 2263 1043 2318 senserunt
1082 2272 1255 2333 esse,
1308 2259 1480 2318 saxis
1521 2257 1757 2333 passim
1796 2264 1924 2318 tota
1966 2260 2125 2317 valle

152 2340 500 2403 iacentibus
556 2340 948 2401 incessebant
995 2340 1260 2401 hostem.
1333 2358 1409 2401 ea
1447 2341 1680 2401 maiore
1729 2356 1870 2400 cum
1920 2341 2125 2403 sonitu

155 2441 344 2501 quam
391 2423 645 2485 vulnere
692 2425 817 2486 ullo
861 2424 1126 2500 pulsatio
1177 2432 1490 2486 scutorum
1538 2440 1870 2500 parumper
1910 2441 2125 2486 succe-

151 2508 362 2570 dentis
387 2509 702 2570 Romanos
729 2510 936 2570 tenuit.
995 2508 1218 2570 deinde
1244 2510 1321 2570 iis
1353 2524 1603 2586 quoque
1632 2509 1876 2585 spretis,
1907 2511 2126 2586 partim

147 2592 465 2654 testudine
508 2592 672 2653 facta
698 2608 814 2669 per
840 2594 1139 2653 adversos
1168 2595 1401 2654 vadunt
1428 2594 1660 2663 hostis;
1700 2595 1921 2669 partim
1949 2594 2123 2654 brevi

148 2677 416 2738 circuitu
472 2692 608 2736 cum
665 2677 726 2735 in
778 2676 983 2752 iugum
1041 2677 1216 2737 collis
1279 2679 1656 2751 evasissent,
1714 2678 1994 2754 trepidos
2045 2694 2124 2737 ex

141 2759 487 2839 praesidiis
517 2760 1006 2836 stationibusque
1031 2760 1407 2823 Macedonas
1438 2763 1789 2832 deturbant,
1835 2768 1922 2836 et,
1970 2770 2035 2822 ut
2063 2763 2123 2821 in

143 2845 318 2907 locis
345 2844 684 2919 impeditis,
728 2844 962 2905 difficili
993 2846 1137 2920 suga
1163 2848 1503 2922 plerosque
1532 2846 1712 2905 etiam
1742 2846 2119 2907 obtruncant.

141 2930 280 2993 XL.
338 2929 421 2989 ita
459 2929 778 3004 angustiae
818 2928 1055 2989 minore
1098 2929 1427 2990 certamine
1469 2945 1651 3005 quam
1698 2930 1865 3004 quod
1907 2931 2123 2989 animis

142 3019 617 3091 proposuerant
647 3019 1006 3088 superatae,
1037 3020 1099 3073 et
1126 3014 1186 3073 in
1212 3014 1557 3075 Eordaeam
1588 3018 1975 3089 perventum,
2018 3012 2123 3072 ubi

141 3095 528 3176 pervastatis
547 3096 805 3173 passim
842 3096 1008 3171 agris
1038 3097 1099 3156 in
1127 3097 1405 3158 Elimiam
1433 3114 1505 3158 se
1531 3096 1779 3171 recepit.
1842 3096 1984 3155 inde
2016 3093 2124 3153 im-

143 3186 368 3258 petum
410 3181 470 3240 in
503 3179 840 3241 Orestidem
885 3181 1057 3253 facit,
1101 3187 1164 3240 et
1204 3182 1499 3259 oppidum
1542 3180 1839 3240 Celetrum
1880 3186 1975 3238 est
2016 3178 2111 3237 ad·

141 3280 435 3342 gressus,
451 3264 511 3325 in
537 3264 901 3339 paeninsula
923 3264 1122 3325 situm.
1153 3266 1325 3324 lacus
1340 3264 1585 3324 moenia
1606 3262 1821 3337 cingit;
1847 3264 2125 3337 angustis

143 3349 444 3410 faucibus
474 3364 661 3409 unum
691 3363 772 3408 ex
801 3349 1130 3409 continenti
1159 3347 1276 3407 iter
1301 3354 1413 3407 est.
1457 3346 1652 3423 primo
1683 3345 1803 3408 situ
1827 3347 1966 3423 ipso
1990 3347 2125 3409 freti

142 3434 393 3495 clausis
422 3432 618 3508 portis
649 3431 921 3492 abnuere
949 3432 1299 3509 imperium3
1345 3430 1567 3491 deinde
1595 3436 1925 3507 postquam
1948 3430 2126 3507 signa

143 3518 303 3578 ferri
346 3532 421 3577 ac
449 3515 759 3577 testudine
801 3516 1050 3577 succedi
1080 3516 1160 3575 ad
1193 3523 1429 3591 portam
1459 3516 1880 3659 obsesgsasque
1910 3516 2120 3575 fauces
