2548 3950
495 237 723 299 LIBER
751 236 1016 297 XXXVI.
1059 238 1223 298 CAP.
1255 247 1341 300 21.
1365 247 1449 300 22.
1502 247 1574 313 [a.
1602 245 1662 297 c,
1690 245 1814 311 191]
2007 239 2129 303 241

169 403 536 467 paucosque
581 386 716 447 dies
762 386 1044 449 omnibus
1085 390 1437 464 perpacatis
1466 390 1598 449 sine
1626 391 1806 449 ullius
1840 407 2004 451 noxa
2031 409 2121 451 ur-

167 475 270 536 bis
297 471 606 533 exercitus
633 471 1074 547 Thermopylas
1102 473 1412 547 reductuS‚
1442 477 1628 535 multo
1660 475 1960 535 modestia
1988 481 2131 549 post

169 554 496 619 victoriam
525 571 709 631 quam
736 554 876 630 ipsa
905 556 1163 617 victoria
1188 555 1566 618 laudabilior.
1626 557 1768 615 inde
1800 561 2017 617 consul
2049 559 2127 615 M.

170 640 482 713 Catonem,
513 651 626 713 per
649 653 831 714 quem
855 654 1014 713 quae
1035 647 1210 713 gesta
1230 646 1443 701 essent
1464 649 1710 699 senatus
1738 645 2131 715 populusque

166 725 486 786 Romanus
524 720 690 782 haud
719 720 908 783 dubio
936 730 1186 783 auctore
1214 723 1427 797 sciret,
1470 725 1724 783 Romam
1754 725 1932 783 misit.
2009 725 2061 783 is
2095 743 2131 783 a

171 808 404 869 Creusa
425 836 510 849 -
527 803 994 880 Thespiensium
1026 806 1364 881 emporium
1394 813 1504 881 est,
1536 808 1594 865 in
1622 807 1826 867 intimo
1854 809 1992 867 sinu
2019 809 2127 867 Co-

168 888 470 952 rinthiaco
496 893 826 950 retractum
844 920 928 938 -
947 887 1160 949 Patras
1188 888 1462 949 Achaiae
1488 891 1662 965 petit,
1698 907 1734 947 a
1762 891 1950 950 Patris
1986 891 2127 951 Cor-

169 988 384 1053 cyram
425 985 634 1047 usque·
654 970 939 1033 Aetoliae
981 977 1167 1047 atque
1194 972 1576 1033 Acarnaniae
1610 973 1806 1033 littora
1836 975 2009 1047 legit,
2045 983 2127 1033 at-

171 1072 296 1133 que
344 1056 429 1117 ita
484 1054 560 1115 ad
604 1055 994 1133 Hydruntum
1033 1055 1242 1117 ltaliae
1288 1054 1504 1116 traicit.
1574 1057 1780 1129 quinto
1838 1057 1934 1115 die
1986 1059 2129 1115 inde

169 1137 443 1216 pedestri
469 1138 685 1199 itinere
702 1138 958 1199 Romam
977 1139 1202 1213 ingenti
1225 1154 1414 1200 cursu
1436 1141 1726 1215 pervenit.
1764 1148 1904 1199 ante
1930 1143 2127 1199 lucem

169 1225 491 1299 ingressus
530 1222 742 1283 urbem
773 1238 812 1282 a
839 1230 1016 1297 porta
1044 1222 1123 1282 ad
1151 1230 1494 1297 praetorem
1524 1224 1602 1281 Μ.
1634 1224 1866 1283 lunium
1896 1225 2009 1283 iter
2039 1225 2125 1283 irr-

167 1306 379 1368 tendit.
450 1306 505 1366 is
536 1306 732 1381 prima
759 1306 898 1367 luce
922 1306 983 1366 in
1012 1313 1294 1368 senatum
1318 1307 1594 1375 vocavit;
1652 1325 1772 1381 quo
1804 1309 1868 1365 L.
1903 1307 2125 1367 Corne-

169 1392 289 1452 lius
321 1388 559 1465 Scipio,
606 1388 1084 1463 aliquot-dicbus
1114 1396 1254 1451 ante
1282 1407 1321 1451 a
1347 1393 1604 1452 consule
1634 1391 1922 1449 dimissus
1940 1437 1954 1463 ,
1990 1409 2127 1449 cum

169 1472 508 1535 adveniens
539 1471 819 1533 audisset·
840 1488 1276 1549 praegressum
1305 1473 1592 1534 Catonem
1622 1475 1683 1531 in
1716 1483 1930 1533 senatu
1964 1491 2123 1547 esse,

170 1556 528 1634 supervenit
557 1559 920 1632 exponenti,
953 1572 1113 1632 quae
1141 1563 1319 1633 gesta
1346 1565 1572 1618 essent.
1620 1559 1740 1617 duo
1772 1557 1914 1615 inde
1944 1559 2125 1631 legati

169 1641 347 1702 iussu
389 1648 638 1701 senatus
677 1639 740 1699 in
782 1642 1130 1703 contionem
1172 1648 1318 1703 sunt
1343 1640 1656 1716 producti,
1700 1649 1882 1715 atque
1914 1641 1994 1701 ibi
2025 1657 2123 1699 ea-

169 1725 312 1785 dem
354 1740 516 1799 quae
556 1722 618 1784 in
661 1731 881 1786 senatu
919 1726 999 1786 de
1023 1724 1210 1786 rebus
1239 1725 1300 1784 in
1328 1725 1570 1785 Aetolia
1600 1725 1788 1797 gestis
1820 1741 2125 1799 exposue-

166 1816 328 1869 runt.
376 1807 744 1885 supplicatio
774 1808 834 1868 in
858 1809 1123 1870 triduum
1147 1809 1393 1870 decreta
1414 1817 1524 1879 est,
1558 1815 1618 1867 et
1642 1817 1704 1868 ut
1732 1809 2129 1883 quadraginta

169 1891 390 1954 hostiis
419 1891 752 1954 maioribus
783 1900 1058 1968 praetor,
1093 1892 1315 1968 quibus
1346 1892 1464 1952 diis
1494 1891 1548 1949 ei
1582 1892 1906 1966 videretur,
1938 1893 2123 1953 sacri-

169 1977 402 2038 ficaret.
444 1991 556 2053 per
586 1974 841 2038 eosdem
868 1977 1003 2038 dies
1033 1984 1102 2038 et
1117 1978 1198 2042 M.
1217 1974 1470 2037 Fulvius
1494 1976 1780 2046 Nobilior,
1820 1978 1922 2048 qui
1958 1978 2123 2034 bien-

170 2061 272 2122 nio
295 2068 435 2122 ante
457 2067 705 2135 praetor
724 2060 786 2121 in
807 2057 1166 2137 Hispaniam
1187 2067 1319 2120 erat
1339 2060 1668 2134 profectus
1698 2076 1888 2118 ovans
1914 2060 2127 2118 urbem

169 2153 266 2205 est
293 2145 645 2220 ingressum
689 2145 924 2220 argenti
963 2141 1150 2218 bigati
1180 2158 1331 2218 prae
1358 2157 1432 2202 se
1458 2144 1588 2202 tulit
1618 2152 1858 2202 centum
1890 2144 2129 2216 triginta

172 2228 351 2302 milia,
383 2234 445 2289 et
471 2234 644 2288 extra
672 2233 1051 2289 numeratum
1081 2225 1407 2288 duodecim
1437 2226 1600 2284 milia
1632 2242 1752 2300 pon
1764 2226 1840 2284 do
1872 2228 2127 2302 argenti,

171 2310 305 2371 auri
334 2311 544 2387 pondo
574 2320 816 2373 centum
844 2310 1055 2387 viginti
1086 2317 1339 2384 septem.

335 2393 517 2456 XXII.
572 2395 808 2456 Acilius
841 2394 1060 2458 consul
1095 2393 1172 2453 ab
1201 2392 1630 2468 Thermopylis
1660 2392 2019 2450 Heracleam
2049 2392 2127 2452 ad

168 2480 425 2540 Aetolos
465 2478 805 2554 praemisit,
845 2486 913 2541 ut
940 2486 1085 2540 tunc
1129 2479 1353 2538 saltem·
1375 2476 1612 2550 experti
1640 2476 1866 2550 regiam
1900 2476 2129 2536 vanita-

169 2571 289 2623 tem
331 2562 796 2638 resipiscerent,
835 2562 1181 2637 traditaque
1207 2561 1506 2629 Hera—elea
1550 2560 1882 2634 cogitarent
1912 2560 1988 2620 de
2021 2576 2125 2634 pe-

171 2646 358 2707 tenda
405 2647 482 2708 ab
535 2653 752 2708 senatu
793 2662 909 2708 seu
957 2644 1182 2708 furoris
1216 2644 1330 2705 ’sui
1380 2659 1492 2704 seu
1543 2644 1766 2704 erroris
1818 2644 2017 2703 venia.
2073 2650 2133 2702 et

171 2739 410 2791 ceteras
455 2730 750 2791 Graeciae
790 2729 1065 2792 civitates
1114 2728 1423 2789 defecisse
1464 2744 1536 2786 eo
1580 2730 1738 2786 bello
1784 2728 1858 2786 ab
1904 2746 1938 2788 o
1946 2728 2131 2802 ptime

172 2814 401 2874 meritis
426 2815 752 2876 Romanis=
799 2815 915 2875 sed
943 2812 1089 2890 quia
1122 2818 1268 2887 post
1296 2814 1500 2887 fugam
1530 2814 1722 2886 regie,
1768 2812 1942 2872 cuius
1974 2814 2123 2872 fidu—

171 2899 268 2956 cia
295 2897 501 2959 osficio
532 2899 981 2972 decessissent,
1013 2904 1138 2958 non
1168 2895 1552 2956 addidissent
1582 2896 1972 2970 pertinaciam
2007 2898 2127 2954 cul-

172 2997 307 3056 pae,
337 2981 398 3041 in
428 2981 612 3042 fidem
638 2988 926 3058 receptas
955 2997 1117 3042 esse.
1172 2981 1429 3042 Aetolos
1464 2996 1726 3054 quoque,
1764 2994 2129 3052 quamquam

175 3081 296 3124 non
322 3064 518 3127 secuti
541 3065 665 3127 sint
683 3080 910 3141 regem,
939 3065 1056 3126 sed
1079 3061 1488 3136 arcessierint,
1518 3072 1578 3122 et
1600 3064 1790 3119 duces
1814 3062 1972 3134 belli,
2007 3078 2129 3120 non

173 3147 328 3209 socii
351 3149 589 3223 suerint,
619 3150 674 3210 si
695 3147 1009 3225 paenitere
1032 3146 1292 3223 possint,
1324 3160 1516 3220 posse
1540 3152 1598 3202 et
1622 3144 1941 3202 incolumis
1968 3160 2129 3202 esse.

171 3232 251 3292 ad
281 3247 358 3292 ea
387 3248 526 3293 cum
546 3232 749 3308 pacati
769 3233 915 3293 nihil
944 3229 1443 3307 responderetur,
1474 3236 1922 3302 appareretque
1946 3226 2130 3288 armis

169 3331 303 3375 rem
344 3316 676 3390 gerendam
717 3323 780 3378 et
818 3330 966 3392 rege
1009 3318 1299 3389 superato
1340 3311 1563 3372 bellum
1596 3312 1936 3370 Aetolicum
1980 3312 2131 3371 inte-

169 3415 345 3473 grum
373 3406 627 3473 restare,
655 3406 859 3461 castra
881 3399 957 3460 ab
979 3394 1408 3473 Thermopylis
1432 3394 1508 3454 ad
1534 3394 1888 3454 Heracleam
1912 3396 2131 3464 movit3

170 3498 373 3557 eoque
410 3483 549 3558 ipso
591 3481 722 3560 die,
767 3492 838 3546 ut
866 3483 1050 3545 situm
1089 3487 1375 3542 nosceret
1416 3478 1616 3552 urbis,
1660 3476 1736 3534 ab
1772 3480 1930 3538 omni
1962 3488 2133 3554 parte

254 3583 307 3623 τ.
341 3579 464 3624 uvi
495 3582 645 3626 mas
670 3569 776 3634 lv.
1654 3570 1716 3622 16

2469 2336 2536 2872 υῑῚΙΥἰῆδΙΙῐ
2470 2141 2527 2247 υἱ·
2468 1495 2548 2046 Νξίξιιὶῗῗι,.”.-ῑν
2478 1254 2546 1445 ,ξ·.·τ;,;
2477 1168 2482 1178 “
