2548 3950
323 246 443 309 268
634 247 864 306 LIBER
891 243 1184 306 XXXVII.
1233 244 1397 303 CAP.
1430 252 1484 306 9.
1508 253 1593 306 10.
1641 252 1713 317 [a.
1741 250 1808 303 U.
1836 270 1881 303 c.
1909 254 2033 320 562]

315 402 470 462 intra
521 415 757 475 paucos
801 398 934 458 dies
977 404 1347 458 averterunt.
1416 398 1513 455 IX.
1572 398 1726 458 inter
1766 398 1920 458 haec
1960 397 2295 462 Phocaeae

314 485 534 545 seditio
566 490 698 543 orta
729 480 1092 557 quibusdam
1127 482 1206 541 ad
1225 478 1600 540 Antiochum
1618 479 2017 542 multitudinis
2042 483 2292 545 animos

313 566 732 629 avocantibus
799 565 1010 640 gravia
1047 564 1309 624 hiberna
1345 562 1592 623 navium
1627 574 1830 637 erant,
1874 580 2064 639 grave
2092 568 2291 650 tribu-

310 659 468 724 tum,
516 651 681 726 quod
723 658 904 723 togae
950 648 1320 722 quingentae
1359 648 1692 731 imperatae
1735 654 1909 708 erant
1935 664 2072 709 cum
2107 652 2292 725 quin·
2350 664 2365 673 ·

311 736 509 810 gentis
536 731 790 802 tunicis3
821 732 1030 806 gravis
1053 731 1234 791 etiam
1257 732 1471 805 inopia
1489 732 1789 805 frumenti,
1816 738 2072 808 propter
2098 752 2291 809 quam

309 833 501 878 naves
527 831 775 892 quoque
799 821 858 875 et
879 813 1258 890 praesidium
1278 814 1623 875 Romanum
1644 816 1933 875 excessit.
1976 824 2107 877 tum
2127 834 2289 879 vero

307 902 562 963 liberata
601 905 765 959 metu
809 898 990 959 factio
1021 904 1182 973 erat,
1229 912 1389 972 quae
1416 898 1657 972 plebem
1687 898 1749 957 in
1779 898 2172 961 contionibus
2203 903 2291 961 ad

308 982 676 1045 Antiochum
707 981 1016 1043 trahebatz
1061 986 1313 1041 senatus
1347 988 1406 1041 et
1434 980 1757 1054 optimates
1786 980 1849 1042 in
1872 983 2151 1044 Romana
2176 1000 2289 1045 so-

315 1069 532 1128 cietate
574 1065 974 1142 perstandum
1017 1064 1789 1137 censebant‚.defecttonis
1820 1073 2105 1127 auctores
2136 1070 2291 1143 plus

311 1150 474 1226 apud
504 1148 946 1210 multitudinem
976 1150 1315 1208 valuerunt.
1386 1146 1641 1221 Rhodii,
1688 1165 1810 1224 quo
1840 1152 2036 1225 magis
2066 1165 2258 1211 cessa

308 1241 432 1294 tum
477 1234 683 1308 priore
724 1238 956 1291 aestate
997 1238 1158 1304 erat,
1202 1245 1278 1289 eo
1322 1232 1617 1291 maturius
1658 1232 2049 1308 aequinoctio
2079 1250 2289 1297 verno

309 1316 571 1377 eundem
599 1315 1038 1376 Pausistratum
1079 1314 1300 1375 classis
1343 1317 1721 1389 praefectum
1762 1332 1900 1378 cum
1942 1332 2055 1377 sex
2084 1325 2145 1377 et
2170 1322 2283 1379 tri-

311 1402 478 1475 ginta
517 1398 776 1461 navibus
819 1400 1134 1459 miserunt.
1203 1398 1325 1457 iam
1352 1397 1560 1457 Livius
1590 1414 1627 1457 a
1656 1398 1837 1461 Canis
1868 1416 2004 1461 curn
2032 1401 2283 1477 triginta

307 1485 568 1544 navibus
611 1491 669 1543 et
699 1489 933 1557 septem
978 1479 1465 1557 quadriremibus
1481 1527 1496 1556 ,
1542 1498 1698 1556 quas
1730 1498 1940 1545 secum
1966 1484 2283 1548 Eumenes

307 1583 419 1626 rex
450 1566 806 1639 adduxerat,
833 1566 1298 1641 Hellespontum
1330 1565 1591 1639 petebat,
1624 1574 1691 1625 ut
1718 1567 1796 1627 ad
1820 1566 2138 1629 transitum
2164 1586 2281 1629 ex-

307 1651 531 1711 ercitus
549 1694 564 1722 ,
619 1665 800 1724 quem
851 1658 1014 1709 terra
1061 1656 1383 1710 venturum
1438 1650 1830 1725 opinabatur,
1882 1662 2283 1727 praepararet

311 1748 470 1808 quae
501 1748 660 1807 opus
692 1740 920 1799 essent.
985 1733 1046 1791 in
1078 1738 1353 1807 portum,
1402 1748 1583 1806 quem
1610 1744 1837 1795 vocant
1862 1734 2278 1812 Achaeorum,

309 1818 572 1877 classem
602 1815 860 1891 primum
890 1816 1179 1876 advertit=
1224 1815 1368 1875 inde
1398 1816 1567 1876 Ilium
1601 1818 1904 1891 escendit,
1938 1818 2280 1882 sacrificio-

309 1908 432 1975 que
471 1899 783 1959 Minervae
831 1900 992 1960 sacto
1041 1899 1381 1974 legationes
1424 1900 1709 1961 finitimas
1754 1899 1833 1960 ab
1875 1901 2171 1963 Elaeunte
2216 1913 2287 1965 et

305 1983 590 2046 Dardano
620 1991 680 2045 et
705 1982 1014 2057 Rhoeteo,
1047 1984 1342 2044 tradentis
1373 1985 1432 2042 in
1464 1984 1649 2044 fidem
1680 1987 1938 2046 civitatis
1968 2001 2136 2060 suas,
2164 1989 2280 2048 be—

307 2069 490 2143 nigne
519 2068 777 2128 audivit:
823 2067 966 2126 inde
995 2068 1075 2129 ad
1101 2067 1485 2142 Hellesponti
1516 2069 1727 2129 fauces
1756 2070 2029 2146 navigat,
2072 2079 2135 2131 et
2162 2073 2279 2132 de-

306 2166 440 2211 cem
489 2151 750 2211 navibus
800 2151 861 2210 in
905 2151 1166 2212 statione
1209 2157 1425 2212 contra
1462 2153 1755 2230 Abydum
1797 2154 2023 2214 relictis
2066 2162 2281 2216 cetera

307 2236 510 2296 classe
536 2236 597 2295 in
623 2235 932 2310 Europam
963 2235 1042 2294 ad
1067 2234 1311 2296 Sestum
1348 2237 1826 2310 oppugnandam
1852 2235 2103 2298 traiecit.
2148 2239 2279 2299 iam

305 2319 706 2380 subeuntibus
739 2319 984 2379 armatis
1013 2335 1224 2380 muros
1255 2320 1499 2379 fanatici
1524 2320 1677 2380 Galli
1700 2321 1960 2395 primum
1984 2335 2121 2381 cum
2146 2323 2279 2382 sol-

303 2402 486 2462 lemni
515 2400 725 2463 habitu
753 2410 892 2462 ante
921 2409 1156 2477 portam
1185 2409 1529 2478 occurrunt,
1560 2405 1735 2464 iussu
1758 2421 1829 2466 se
1853 2405 2061 2464 matris
2086 2405 2281 2466 deum

304 2486 566 2546 famulos
597 2487 752 2545 deae
779 2487 995 2546 venire
1021 2493 1361 2547 memorant
1389 2488 1469 2546 ad
1498 2489 1875 2562 precandum
1903 2489 2276 2563 Romanum,

301 2577 368 2629 ut
397 2577 677 2645 parceret
704 2569 1028 2630 moenibus
1055 2571 1334 2646 urbique.
1403 2587 1585 2632 nemo
1615 2587 1826 2634 eorum
1858 2571 2119 2633 violatus
2150 2585 2274 2633 est.

301 2668 447 2712 mox
486 2654 812 2713 universus
858 2659 1110 2714 senatus
1155 2669 1291 2714 cum
1321 2656 1775 2729 magistratibus
1806 2656 1885 2715 ad
1917 2656 2277 2717 dedendam

299 2737 514 2796 urbem
546 2737 868 2808 processit.
913 2735 1056 2796 inde
1083 2736 1374 2814 Abydum
1406 2740 1660 2798 traiecta
1686 2739 1925 2800 classis.
1989 2739 2095 2800 ubi
2126 2753 2275 2800 cum

305 2819 606 2894 temptatis
642 2833 755 2893 per
786 2820 1096 2894 colloquia
1125 2821 1341 2881 animis
1370 2822 1512 2881 nihil
1540 2823 1740 2898 pacati
1760 2823 2271 2898 responderetur,

301 2903 384 2962 ad
410 2903 930 2977 oppugnationem
959 2919 1104 2964 sese
1131 2904 1561 2980 expediebant.

365 3007 374 3016 ·
464 2985 538 3046 X.
593 2987 749 3048 Dum
776 2985 930 3048 haec
959 2987 1020 3048 in
1049 2988 1449 3064 Hellesponto
1478 2996 1800 3064 geruntur,
1842 2989 2275 3067 Polyxenidas

258 3118 262 3124 .
297 3067 505 3150 regius
555 3069 906 3145 praefectus
934 3105 1020 3118 --
1050 3079 1180 3131 erat
1227 3079 1430 3132 autem
1480 3074 1656 3133 exsul
1695 3072 1977 3134 Rhodius
2004 3105 2092 3117 —-
2123 3088 2271 3133 cum

299 3151 576 3214 audisset
601 3155 940 3228 profectam
968 3155 1044 3216 ab
1071 3155 1252 3216 domo
1286 3156 1671 3231 popularium
1699 3171 1951 3217 suorum
1976 3156 2270 3230 classem,

296 3240 359 3293 et
382 3233 821 3299 Pausistratum
861 3240 1237 3314 praefectum
1268 3239 1539 3313 superbe
1570 3240 1873 3314 quaedam
1902 3247 1962 3300 et
1990 3247 2269 3300 contem·

301 3317 444 3391 ptim
495 3321 557 3380 in
601 3336 671 3381 se
719 3322 1168 3382 contionantem
1217 3323 1483 3394 dixisse,
1538 3324 1876 3398 praecipuo
1934 3321 2271 3384 certamine

295 3400 476 3462 animi
525 3403 827 3464 adversus
871 3419 1010 3464 eum
1053 3413 1298 3480 sumpto
1341 3403 1487 3464 nihil
1528 3406 1695 3466 aliud
1737 3405 1871 3467 dies
1917 3411 2270 3480 noctesque

293 3483 561 3554 agitabat
585 3485 808 3561 animo,
851 3501 1036 3562 quam
1063 3494 1131 3548 ut
1157 3489 1349 3548 verba
1378 3488 1703 3563 magnifica
1735 3491 1867 3550 eius
1896 3489 2081 3552 rebus
2113 3505 2269 3550 con-
