2548 3950
221 210 230 225 ι
267 174 392 237 200
577 175 805 235 LIBER
828 174 1068 234 XXXV.
1112 175 1277 234 CAI'.
1302 182 1388 235 28.
1413 182 1519 235 29..
1548 180 1619 245 [a.
1646 178 1713 229 U.
1740 196 1789 231 c.
1814 174 1940 243 560]

263 328 568 403 utrimque
611 340 749 385 cum
789 326 1100 401 praesidio
1141 324 1297 385 levis
1338 332 1683 386 armaturae
1714 322 1923 401 aquati
1952 332 2126 397 sunu
2174 344 2238 387 et

265 412 656 487 priusquam,
691 408 894 485 qualia
923 408 1541 485 propinquis'castris
1572 411 1801 481 solent,
1835 408 2233 471 contrahere-

262 505 360 557 tur
393 500 732 567 certamen,
777 509 902 554 nox
929 491 1268 553 intervenit.
1326 499 1580 567 postero
1617 492 1717 551 die
1746 493 2087 568 apparebat
2112 510 2233 569 pu·-

261 578 586 657 gnandunr
595 594 710 653 pro
738 574 1136 651 aquatoribus
1161 575 1327 636 circa
1348 575 1547 635 rivum
1570 592 1731 637 esse.
1780 582 1961 636 nocte
1982 576 2041 636 in
2068 580 2235 637 valle

263 680 300 722 a
317 668 673 737 ,conspectu
698 660 966 722 hostium
990 660 1240 731 aversa,
1273 666 1561 733 quantam
1586 659 2030 721 multitudinem
2050 662 2235 723 locus

265 747 547 807 occulere
577 750 844 819 poterat,
877 742 1150 804 condidit
1180 750 1603 803 caetratorum.
1670 743 1881 803 XXIX.
1926 744 2065 803 luce
2094 753 2237 804 orta

265 828 640 891 Cretensium
667 826 821 888 levis
853 834 1160 888 armatura
1187 833 1248 887 et
1273 826 1577 887 Tarentini
1616 826 1853 901 equites
1883 842 2075 901 super
2104 834 2233 889 tor-

263 920 496 974 rentem
521 911 819 987 proelium
843 910 1295 972 commiserunt.
1330 911 1753 971 Telemnastus
1779 910 2087 971 Cretensis
2112 926 2238 987 po·

265 996 581 1073 pularibus
610 995 772 1069 suiS,
803 993 1109 1069 equitibus
1139 995 1440 1072 Lycortas
1462 994 2019 1069 Megalopolitanus
2048 1010 2233 1070 prae·

265 1088 413 1141 erat.
471 1080 794 1140 Cretenses
835 1086 896 1138 et
935 1077 1202 1139 hostium
1253 1077 1583 1137 auxiliares
1628 1077 2023 1153 equitumque
2063 1078 2231 1139 idem

263 1180 459 1239 genus
487 1160 792 1224 Tarentini
821 1160 1132 1237 praesidio
1162 1160 1565 1235 aquatoribus
1598 1169 1785 1223 erant.
1854 1162 2234 1237 aliquamdiu

265 1247 511 1309 dubium
541 1246 840 1322 proelium
872 1246 984 1305 fuit
1002 1252 1070 1305 ut
1091 1245 1311 1305 eodem
1334 1260 1412 1305 ex
1438 1254 1611 1319 parte
1632 1253 1891 1319 utraque
1913 1244 2237 1307 hominum

263 1346 488 1407 genere
513 1337 574 1391 et
594 1328 778 1390 armis
804 1330 1088 1405 paribus:
1132 1328 1509 1405 procedente
1532 1328 1863 1389 certamine
1884 1336 1945 1389 et
1969 1344 2237 1391 numero

262 1414 469 1476 vicere
497 1412 742 1493 tyranni
769 1413 1128 1488 auxiliareS‚
1160 1420 1220 1473 et
1249 1413 1395 1487 quia
1421 1412 1503 1472 ita
1532 1419 1929 1487 praeceptum
1962 1429 1999 1473 a
2025 1412 2237 1475 Philo-

265 1513 564 1574 poemene
586 1498 914 1572 praefectis
937 1503 1095 1570 erat,
1126 1503 1194 1557 ut
1213 1496 1456 1557 modico
1484 1496 1645 1557 edito
1672 1497 1909 1571 proelio
1933 1497 1993 1556 in
2018 1498 2235 1571 fugam

265 1582 624 1641 inclinarent
649 1581 1014 1656 hostemque
1043 1580 1124 1639 ad
1153 1580 1356 1640 locum
1392 1579 1751 1640 insidiarum
1783 1579 2234 1654 pertraherent.

267 1665 466 1725 effuse
493 1662 690 1725 secuti
721 1663 1023 1739 fugientes
1057 1678 1168 1738 per
1197 1658 1568 1738 convallem,
1612 1664 1895 1739 plerique
1924 1671 1985 1723 et
2010 1665 2231 1725 vulue-

262 1749 376 1809 rati
405 1755 468 1808 et
493 1746 794 1808 interfecti
821 1753 992 1821 sunt,
1045 1746 1406 1823 priusquam
1451 1750 1753 1807 occultum
1784 1746 2025 1809 hostem
2053 1746 2233 1809 vide·

261 1840 415 1903 rent.
463 1830 708 1894 caetrati
737 1828 848 1905 ita,
895 1837 1185 1905 quantum
1227 1831 1480 1891 latitudo
1512 1829 1687 1893 vallis
1720 1830 2088 1905 patiebatur,
2132 1831 2231 1891 in-

266 1915 478 1977 structi
501 1915 820 1990 sederant,
849 1921 916 1975 ut
938 1914 1116 1975 facile
1140 1930 1252 1991 per
1272 1914 1589 1975 intervalla
1612 1914 1893 1975 ordinum
1916 1915 2235 1990 fugientes

266 2017 424 2066 suos
443 1999 808 2075 acciperent.
853 2005 1233 2074 consurgunt
1254 1999 1477 2059 deinde
1498 1999 1617 2074 ipsi
1642 1997 1889 2074 integri,
1918 2005 2231 2070 recenteS,

265 2082 569 2153 instructi3
615 2083 676 2141 in
695 2082 902 2146 ‘hostis
935 2083 1348 2156 inordinatoS‚
1392 2081 1659 2157 effuso8‚
1706 2083 1917 2144 labore
1953 2083 2131 2143 etiam
2164 2093 2238 2144 et

264 2162 618 2234 vulneribus
661 2167 896 2241 fessos,
947 2166 1238 2242 impetum
1278 2166 1537 2228 faciunt=
1583 2182 1696 2227 nec
1740 2164 1929 2226 dubia
1966 2167 2235 2226 victoria

263 2250 392 2314 fuit.
439 2251 743 2326 extemplo
773 2257 946 2326 terga
986 2251 1153 2312 dedit
1191 2251 1437 2330 tyranni
1480 2250 1686 2324 mileS‚
1728 2256 1794 2310 et
1828 2250 1995 2311 haud
2038 2251 2231 2325 paulo

265 2334 657 2396 concitatiore
708 2349 894 2396 cursu
938 2351 1121 2409 quam
1163 2341 1413 2397 secutus
1456 2341 1587 2396 erat
1636 2333 1877 2409 fugiens
1919 2335 1981 2394 in
2024 2341 2237 2394 castra

265 2423 360 2478 est
388 2420 779 2493 compulsus;
823 2417 994 2477 multi
1038 2419 1204 2480 caesi
1249 2419 1535 2495 captique
1566 2419 1629 2478 in
1659 2433 1733 2477 ea
1762 2420 1910 2492 fuga
1948 2424 2107 2478 sunt.
2164 2427 2237 2478 et

263 2501 323 2561 in
366 2501 584 2562 castris
629 2516 878 2576 quoque
919 2501 1079 2562 foret
1117 2502 1513 2576 trepidatum,
1558 2503 1619 2562 ni
1647 2501 2083 2576 Philopoemen
2126 2516 2231 2560 re-

265 2583 466 2660 ceptui
497 2583 634 2644 cani
659 2584 976 2658 iussisset,
1009 2584 1148 2646 loca
1175 2586 1371 2660 magis
1404 2586 1802 2660 confragosa,
1836 2601 2234 2661 quacumque

222 2709 225 2714 Δ
261 2675 490 2726 temere
520 2667 936 2742 processisset
963 2667 1201 2744 iniqua,
1236 2685 1421 2744 quam
1450 2667 1691 2730 hostem
1718 2676 2019 2730 metuens.

428 2750 578 2810 Inde
607 2757 668 2810 et
695 2767 774 2811 ex
805 2752 1048 2812 fortuna
1076 2767 1321 2828 pugnae
1351 2758 1413 2812 et
1440 2767 1519 2812 ex
1547 2753 1791 2827 ingenio
1816 2750 1993 2814 ducis
2020 2751 2230 2813 conie-

263 2842 437 2894 ctans
467 2833 525 2892 in
559 2841 836 2910 quotum
866 2835 920 2895 is
949 2851 1183 2910 pavore
1225 2843 1424 2910 esset,
1478 2853 1665 2896 unum
1710 2835 1790 2896 de
1827 2835 2231 2897 auxiliaribus

263 2918 473 2994 specie
514 2918 868 2994 transfugae
907 2919 1086 2980 mittit
1123 2918 1204 2979 ad
1246 2935 1416 2993 eum,
1461 2920 1565 2996 qui
1609 2936 1721 2995 pro
1768 2927 2083 2995 comperto
2116 2919 2225 2979 ad-

261 3003 446 3063 ferret
471 3002 759 3064 Achaeos
790 3003 1080 3064 statuisse
1109 3010 1361 3078 postero
1403 3002 1504 3064 die
1546 3003 1627 3064 ad
1658 3004 1928 3064 Eurotan
1966 3017 2228 3078 amnem,

262 3087 364 3160 qui
394 3102 593 3161 prope
623 3087 778 3161 ipsis
809 3085 1025 3148 adfluit
1065 3087 1419 3162 moenibuS,
1468 3087 1790 3162 progredi,
1831 3095 1900 3148 ut
1940 3087 2197 3148 interclu

260 3171 475 3230 derent
512 3170 654 3244 iter,
697 3186 775 3231 ne
817 3178 921 3231 aut
957 3176 1289 3249 tyrannuS,
1343 3187 1481 3232 cum
1521 3172 1737 3244 vellet,
1784 3177 2097 3245 receptum
2142 3171 2227 3228 ad

257 3252 470 3313 urbem
499 3251 782 3328 haberet,
826 3261 930 3313 aut
971 3261 1345 3315 commeatus
1389 3255 1465 3314 ab
1509 3254 1663 3314 urbe
1690 3253 1751 3314 in
1784 3261 1987 3314 castra
2020 3259 2226 3328 porta-

258 3341 498 3409 rentur,
541 3335 719 3396 simul
763 3335 942 3395 etiam
983 3342 1415 3411 temptauit-os,
1462 3339 1516 3398 si
1550 3353 1811 3411 quorum
1842 3335 2022 3396 animi
2050 3335 2223 3396 soili-

259 3417 426 3478 citari
457 3416 536 3478 ad
567 3417 970 3478 defectionem
999 3435 1037 3480 a
1064 3426 1325 3498 tyranno
1372 3427 1649 3495 possent.
1708 3437 1831 3482 non
1872 3425 1993 3480 tam
2032 3419 2223 3480 fidem
2254 3472 2265 3481 .
