2548 3950
636 236 866 297 MBER
891 237 1189 299 XXXVII.
1233 238 1397 299 CAP.
1420 248 1508 303 54.
1555 246 1626 314 [a.
1652 247 1718 301 c.
1745 242 1870 319 189}
2103 240 2228 311 311

261 395 597 463 antequam
626 386 966 459 haberetis,
998 404 1114 449 nec
1142 404 1323 463 nunc,
1356 406 1494 451 cum
1523 390 1692 453 orbis
1720 401 2016 456 terrarum
2045 391 2106 453 in
2137 394 2230 457 di·

261 471 447 533 cione
474 476 681 531 vestra
707 469 817 544 sit,
860 486 1091 547 cupere
1131 472 1414 548 potestis.
1483 482 1597 549 pro
1627 475 1918 550 dignitate
1947 484 2008 537 et
2032 476 2232 551 gloria

260 556 435 631 apud
466 569 649 616 omne
673 554 1004 616 humanum
1031 564 1259 631 genus,
1295 557 1465 632 quod
1487 566 1760 619 vestrum
1782 575 2004 621 nomen
2031 559 2227 635 impe·

259 640 545 714 riumque
581 638 755 699 iuxta
792 653 869 699 ac
896 640 1051 701 deos
1092 640 1466 701 immortales
1505 641 1628 702 iam
1665 642 1904 717 pridem
1943 643 2226 718 intuetur,

260 723 603 799 pugnastis.
662 737 823 797 quae
852 738 1075 797 parare
1104 733 1165 786 et
1191 735 1489 800 quaerere
1529 726 1791 789 arduum
1831 726 1970 799 fuit,
2013 728 2226 790 nescio

258 824 341 867 an
368 806 526 867 tueri
555 804 866 867 difficilius
894 808 975 867 sit
1036 808 1239 881 gentis
1281 807 1738 873 vetustissimae
1775 809 2225 872 nobilissimae-

260 906 386 966 que
416 892 515 950 vel
554 891 719 949 fama
756 905 961 952 rerum
992 898 1312 965 gestarum
1349 892 1449 951 vel
1491 894 1655 955 omni
1695 893 2227 955 commendatione

258 972 653 1035 humanitatis
704 974 1242 1051 doctrinarumque
1293 976 1582 1037 tuendam
1630 977 1708 1042 ab
1759 974 2010 1039 servitio
2049 976 2222 1053 regio

258 1058 597 1119 libertatem
628 1056 1014 1132 suscepistis.
1058 1058 1182 1121 hoc
1200 1059 1608 1133 patrocinium
1631 1068 1922 1135 receptae
1948 1060 2010 1119 in
2037 1060 2226 1121 fidem

259 1148 333 1201 et·
362 1142 703 1202 clientelam
746 1147 1015 1203 vestram
1065 1141 1393 1207 universae
1433 1143 1639 1219 gentis
1689 1150 2059 1219 perpetuum
2104 1161 2223 1207 vos

256 1232 577 1300 praestare
628 1226 823 1285 decet.
889 1242 1010 1293 non
1064 1242 1224 1301 quae
1271 1226 1336 1287 in
1377 1228 1514 1288 solo
1553 1228 1741 1291 modo
1783 1227 2040 1305 antiquo
2081 1236 2226 1289 sunt

258 1308 535 1369 Graecae
570 1308 769 1383 magis
810 1308 997 1369 urbes
1042 1316 1187 1369 sunt
1228 1326 1414 1383 quam
1455 1310 1736 1372 coloniae
1777 1326 2016 1384 eamm,
2055 1312 2224 1373 illinc

260 1394 575 1467 quondam
602 1392 917 1468 profectae
958 1392 1019 1451 in
1048 1391 1299 1463 Asiam3
1340 1404 1464 1453 nec·
1496 1400 1660 1453 terra
1699 1402 1929 1454 mutata
1973 1394 2226 1459 mutavit

253 1492 459 1551 genus
486 1485 593 1536 aut
618 1490 841 1535 mores.
900 1482 1133 1535 certare
1170 1476 1278 1551 pio
1308 1476 1639 1537 certamine
1668 1476 1994 1537 cuiuslibet
2019 1476 2220 1537 bonae

251 1559 405 1621 artis
436 1575 511 1618 ac
536 1558 775 1618 virtutis
801 1558 942 1618 ausi
970 1574 1185 1620 sumus
1214 1576 1355 1621 cum
1385 1559 1742 1635 parentibus
1769 1574 2054 1636 quaeque
2075 1560 2218 1621 civi-

252 1652 353 1704 tas
394 1649 456 1701 et
494 1640 915 1702 conditoribus
958 1642 1109 1703 suis.
1175 1642 1392 1705 adistis
1423 1643 1715 1705 Graeciae
1729 1690 1744 1717 ,
1785 1642 2001 1705 adistis
2029 1646 2222 1705 Asiae

252 1727 445 1787 urbes
475 1725 785 1800 plerique:
831 1725 951 1786 nisi
980 1727 1150 1802 quod
1176 1726 1422 1802 longius
1444 1744 1483 1787 a
1506 1726 1687 1791 vobis
1706 1728 2026 1800 absumuS,
2057 1730 2222 1788 nulla

252 1807 557 1871 vincimur
582 1810 807 1871 aliare.
846 1809 1253 1873 Massiliensis
1266 1858 1284 1888 ,
1317 1828 1496 1887 quoa
1525 1811 1581 1873 si
1607 1818 1824 1875 natura
1849 1811 2035 1873 insita
2055 1813 2222 1873 velut

250 1894 501 1969 ingenio
540 1902 743 1955 terrae
782 1894 945 1955 vinci
985 1902 1233 1973 posset,
1283 1898 1406 1957 iam
1446 1895 1684 1971 pridem
1725 1895 2092 1959 efferassent
2130 1904 2222 1957 tot

248 1979 586 2042 indomitae
614 1979 1024 2041 circumfusae
1048 1988 1299 2055 gentes,
1327 1981 1390 2041 in
1419 1997 1499 2041 eo
1523 1981 1780 2053 honore,
1807 1979 1872 2040 in
1901 1997 1976 2040 ea
2002 1980 2218 2040 merito

250 2063 547 2138 dignitate
570 2063 855 2124 audimus
882 2064 1051 2138 apud
1072 2079 1187 2124 vos
1207 2079 1372 2138 esse,
1399 2079 1475 2124 ac
1497 2062 1554 2125 si
1574 2064 1844 2124 medium
1864 2061 2220 2124 umbilicum

256 2146 559 2208 Graeciae·
578 2147 931 2208 incolerent.
975 2163 1099 2208 non
1128 2145 1292 2207 enim
1309 2163 1534 2208 sonum
1554 2147 1742 2208 modo
1766 2145 2012 2223 linguae
2031 2146 2217 2208 vesti-

250 2240 505 2306 tumque
534 2241 595 2292 et
620 2227 922 2302 habitum,
968 2231 1083 2292 sed
1111 2239 1253 2292 ante
1283 2231 1488 2292 omnia
1510 2247 1720 2292 mores
1749 2239 1812 2291 et
1837 2231 2010 2306 leges
2040 2229 2216 2290 etin-
2329 2239 2336 2246 ·

250 2314 499 2389 genium
548 2316 858 2376 sincerum
907 2315 1336 2390 integrumque
1377 2332 1416 2375 a
1455 2313 1824 2388 contagione
1870 2313 2220 2376 accolarum

252 2407 597 2459 servarunt.
641 2399 935 2460 terminus
966 2406 1062 2460 est
1086 2414 1248 2460 nunc
1277 2399 1520 2474 imperii
1547 2398 1735 2460 vestri
1761 2411 1940 2459 mons
1961 2398 2216 2456 Taurus.

254 2481 559 2558 quidquid
586 2482 745 2544 intra
774 2499 911 2543 eum
943 2483 1255 2544 cardinem
1285 2493 1399 2558 est,
1427 2481 1576 2542 nihil
1605 2481 2009 2558 longinquum
2036 2479 2237 2540 vobis·

249 2566 451 2626 videri
476 2567 676 2628 debet.
752 2583 874 2642 quo
915 2584 1085 2628 arma
1122 2575 1332 2628 vestra
1370 2573 1816 2642 pervenerunt,
1857 2564 2078 2626 eodem
2119 2564 2218 2624 ius

248 2648 393 2709 hinc
432 2652 774 2725 profectum
819 2651 1153 2726 perveniat.
1217 2651 1462 2711 barbari
1476 2697 1492 2726 ‚
1547 2648 1772 2725 quibus
1820 2662 1936 2724 pro
1978 2647 2218 2722 legibus

191 2745 197 2750 ·
246 2749 499 2810 semper
526 2734 909 2796 dominorum
939 2735 1199 2811 imperia
1226 2735 1498 2808 fuerunt,
1538 2748 1661 2809 quo
1691 2734 1991 2809 gaudent,
2033 2747 2217 2808 reges

190 2808 198 2824 “
252 2816 549 2880 habeant:
608 2819 823 2879 Graeci
851 2835 1030 2879 suam
1059 2821 1362 2881 fortunam
1378 2865 1394 2888 ‚
1434 2825 1680 2880 vestros
1710 2817 1949 2878 animos
1979 2823 2218 2891 gerunt.

250 2901 611 2963 domesticis
654 2903 967 2978 quondam
1006 2903 1241 2965 viribus
1283 2901 1468 2964 etiam
1515 2900 1838 2978 imperium
1888 2901 2218 2975 amplecte-

250 2985 499 3046 bantur=
562 3003 725 3048 nunc
775 2987 1095 3062 imperium
1141 2986 1250 3048 ubi
1300 2995 1421 3060 est,
1478 2986 1560 3046 ibi
1613 2993 1681 3048 ut
1725 2985 1807 3046 sit
1854 2990 2216 3058 perpetuum

250 3076 499 3144 optant3
555 3070 892 3131 libertatem
922 3071 1145 3131 vestris
1172 3071 1329 3132 tueri
1356 3071 1540 3130 armis
1569 3069 1722 3131 satis
1762 3067 2018 3138 habent,
2061 3080 2216 3140 quo-

250 3152 417 3212 niam
446 3153 577 3212 suis
606 3169 729 3214 non
764 3163 1046 3228 possunt.
1111 3162 1174 3214 at
1213 3155 1376 3214 enim
1416 3154 1720 3228 quaedam
1758 3148 2038 3212 civitates
2077 3165 2242 3209 cum.

250 3235 557 3296 Antiocho
588 3245 939 3298 senserunt.
1000 3242 1063 3297 et
1089 3237 1245 3297 aliae
1271 3239 1444 3312 prius
1475 3252 1614 3298 cum
1638 3233 1952 3310 Philippo,
1985 3239 2048 3293 et
2076 3248 2230 3293 cum

251 3318 491 3397 Pyrrho
520 3320 842 3381 Tarentini.
896 3336 973 3380 ne
1002 3319 1159 3382 alios
1186 3321 1458 3396 populos
1487 3335 1869 3392 enumerem,
1915 3315 2216 3390 Carthago

252 3403 447 3464 libera·
474 3419 611 3464 eum
642 3402 773 3464 suis
795 3403 1035 3478 legibus
1056 3412 1170 3464 est.
1214 3403 1358 3466 huic
1380 3410 1586 3464 vestro
1611 3403 1894 3477 exemplo
1921 3405 2215 3476 quantum

247 3487 527 3550 debeatis
545 3533 563 3563 ,
588 3485 793 3549 videte
806 3533 823 3564 ,
865 3494 1075 3563 patres
1105 3485 1456 3563 conscripti.
1523 3486 1824 3548 inducetis
1853 3485 1916 3546 in
1948 3483 2215 3546 animum
