2548 3950
338 244 465 307 366
612 244 843 305 LIBER
860 244 1181 304 XXXVIII.
1228 244 1395 303 CAP.
1418 254 1504 305 50.
1531 252 1618 306 51.
1647 244 1718 321 [a.
1741 244 1811 302 U.
1833 266 1880 302 ο.
1905 248 2028 315 565]

338 394 479 456 bem
523 393 719 455 iniret.
781 391 881 453 hic
909 395 1111 469 pudor
1138 395 1567 469 malignitatem
1595 394 1764 471 vicit,
1805 393 2301 469 triumphumque

342 478 695 553 frequentes
730 476 1148 537 decreverunt.

512 560 833 637 Oppressit
872 561 1093 621 deinde
1132 562 1496 621 mentionem
1535 562 2014 636 memoriamque
2055 576 2298 621 omnem

343 644 747 706 contentionis
788 642 971 705 huius
1011 644 1207 703 maius
1250 652 1312 705 et
1353 660 1489 706 cum
1528 645 1758 705 maiore
1786 651 1848 705 et
1877 643 2133 704 clariore
2163 644 2298 703 viro

344 736 646 790 certamen
678 734 895 789 ortum.
938 728 1003 785 P.
1036 726 1310 802 Scipioni
1341 725 1654 802 Africano,
1683 734 1750 788 ut
1768 727 2054 787 Valerius
2075 726 2296 787 Antias

342 816 557 874 auctor
586 816 698 885 est,
728 811 852 873 duo
882 810 948 885 Q.
972 810 1185 871 Petillii
1214 812 1374 872 diem
1412 812 1708 873 dixerunt.
1767 811 1846 884 id,
1880 818 2062 885 prout
2089 810 2296 871 cuius-

344 909 468 971 que
513 893 821 970 ingenium
862 901 1017 968 erat,
1070 894 1638 969 interpretabantur.
1709 894 1808 954 alii
1849 909 1972 954 non
2015 892 2298 953 tribunos

340 977 573 1054 plebiS,
616 979 729 1039 sed
755 979 1105 1039 universam
1138 976 1468 1053 civitatem,
1499 993 1659 1053 quae
1688 978 1746 1036 id
1778 978 1902 1052 pati
1929 972 2174 1053 posset,
2202 977 2296 1035 in·

344 1061 670 1123 cusabant=
717 1062 871 1122 duas
913 1059 1209 1121 maximas
1252 1060 1420 1121 orbis
1461 1068 1753 1123 terrarum
1795 1060 1982 1121 urbes
2022 1059 2298 1134 ingratas

342 1160 469 1205 uno
497 1157 694 1219 prope
722 1152 1000 1219 tempore
1027 1144 1088 1203 in
1116 1144 1428 1220 principes
1457 1144 1768 1217 inventaS,
1809 1146 2064 1204 Romam
2091 1143 2295 1216 ingra-

340 1228 588 1301 tiorem,
632 1228 683 1286 si
727 1226 971 1301 quidem
1012 1226 1173 1286 victa
1201 1226 1496 1303 Carthago
1535 1227 1760 1289 victum
1799 1226 2198 1287 Hannibalem
2235 1226 2298 1283 in

342 1310 625 1373 exsilium
652 1310 1009 1385 expulisset,
1037 1310 1235 1371 Roma
1260 1310 1479 1371 victrix
1499 1308 1791 1371 victorem
1812 1310 2167 1370 Africanum
2189 1324 2296 1367 ex-

342 1396 547 1471 pellat.
598 1394 699 1454 alii
728 1394 1030 1453 neminem·
1058 1409 1244 1453 unum
1274 1399 1502 1454 tantum
1532 1394 1797 1454 eminere
1826 1392 2019 1453 civem
2048 1392 2296 1466 debere,

342 1485 411 1538 ut
447 1476 687 1554 legibus
727 1476 1086 1552 interrogari
1127 1492 1248 1537 non
1289 1477 1520 1551 possit;
1591 1474 1736 1536 nihil
1780 1482 1901 1535 tam
1939 1476 2299 1551 aequandae

342 1560 635 1623 libertatis
666 1574 809 1621 esse
832 1576 1015 1635 quam
1040 1558 1527 1634 potentissimum
1549 1574 1856 1635 quemque
1878 1572 2069 1634 posse
2091 1557 2301 1619 dicere

346 1658 614 1705 causam.
674 1644 821 1719 quid
849 1650 1050 1704 autem
1082 1649 1211 1703 tuto
1242 1643 1556 1717 cuiquam,
1589 1642 1810 1703 nedum
1843 1656 2138 1701 summam
2168 1656 2298 1700 rem

344 1726 669 1801 publicam,
698 1726 977 1801 permitti,
1012 1728 1065 1786 si
1094 1726 1247 1787 ratio
1279 1742 1400 1786 non
1431 1727 1512 1785 sit
1535 1725 1896 1786 reddenda?
1939 1726 2041 1800 qui
2071 1725 2168 1785 ius
2198 1740 2294 1783 ae-

348 1824 532 1884 quum
576 1808 701 1883 pati
739 1823 869 1868 non
902 1808 1133 1883 possit,
1174 1810 1235 1867 in
1280 1824 1418 1868 eum
1455 1810 1578 1869 vim
1617 1808 1784 1869 haud
1823 1808 2107 1869 iniustam
2133 1823 2300 1868 esse.

347 1890 501 1953 haec
552 1890 777 1967 agitata
824 1890 1239 1963 sermonibuS,
1291 1890 1491 1951 donec
1541 1890 1676 1952 dies
1725 1908 1952 1951 causae
2001 1891 2299 1951 dicendae

346 1977 529 2039 venit.
586 1990 702 2035 nec
730 1974 885 2036 alius
913 1983 1093 2036 antea
1123 1974 1448 2052 quisquam
1478 1991 1592 2036 nec
1619 1974 1722 2035 ille
1748 1977 1885 2050 ipse
1913 1974 2122 2050 Scipio
2155 1991 2298 2035 con-

347 2062 445 2120 sul
486 2073 785 2121 censorve
825 2059 1055 2118 maiore
1094 2059 1292 2119 omnis
1331 2059 1574 2133 generis
1601 2057 1912 2119 hominum
1941 2059 2300 2134 frequenti-a,

348 2158 533 2218 quam
572 2157 717 2204 reus
758 2143 861 2204 illo
891 2141 991 2203 die
1018 2143 1079 2200 in
1110 2143 1310 2202 sorum
1339 2149 1435 2201 est
1463 2141 1782 2203 deductus.
1851 2141 2063 2203 iussus
2094 2143 2302 2202 dicere

348 2240 599 2287 causam
636 2225 769 2286 sine
796 2225 920 2286 ulla
948 2225 1261 2284 criminum
1290 2224 1594 2286 mentione
1625 2224 1958 2286 orationem
1987 2226 2146 2286 adeo
2174 2241 2304 2284 ma-

346 2309 631 2385 gnificam
667 2309 745 2368 de
772 2307 963 2369 rebus
984 2308 1061 2369 ab
1092 2323 1163 2368 se
1202 2308 1393 2382 gestis
1423 2315 1518 2368 est
1546 2324 1838 2382 exorsuS,
1879 2315 1947 2370 ut
1972 2309 2122 2369 satis
2155 2325 2304 2368 con-

348 2398 535 2453 staret
574 2390 875 2452 neminem
912 2407 1198 2466 umquam
1230 2406 1434 2466 neque
1461 2391 1675 2452 melius
1705 2407 1907 2467 neque
1937 2393 2143 2452 verius
2174 2393 2304 2452 lau-

348 2477 551 2537 datum
580 2491 741 2536 esse.
786 2473 1145 2534 dicebantur
1166 2475 1326 2534 enim
1347 2475 1423 2534 ab
1448 2475 1662 2534 eodem
1687 2476 1886 2536 animo
1910 2475 2303 2550 ingenioque,

340 2575 386 2618 a
414 2574 539 2634 quo
580 2565 755 2634 gesta
795 2565 993 2632 erant,
1040 2564 1101 2616 et
1126 2555 1362 2617 aurium
1394 2556 1700 2618 fastidium
1729 2559 1968 2632 aberat,
2017 2560 2159 2634 quia
2188 2575 2304 2632 pro

347 2641 643 2716 periculo,
675 2641 887 2701 nonin
916 2641 1170 2716 gloriam
1198 2640 1636 2700 referebantur.
1697 2641 1792 2700 Ll.
1848 2640 2071 2702 tribuni
2098 2642 2305 2717 plebis

348 2731 557 2784 vetera
602 2724 878 2784 luxuriae
928 2723 1179 2784 crimina
1223 2723 1756 2801 Syracusanorum
1801 2724 2193 2786 hibernorum
2245 2732 2309 2785 et

344 2805 559 2868 Locris
586 2805 1017 2866 Pleminianum
1058 2807 1373 2867 tumultum
1404 2821 1542 2866 cum
1570 2807 1650 2867 ad
1678 2807 1861 2867 fidem
1891 2807 2308 2883 praesentium

348 2890 663 2950 criminum
708 2890 1111 2961 rettulissent,
1164 2888 1619 2972 suspicionibus
1661 2892 1856 2966 magis
1899 2906 2084 2966 quam
2125 2905 2306 2966 argu·

328 2974 561 3055 *mentis
606 2970 904 3049 pecu-niae
941 2978 1158 3047 captae
1189 2987 1362 3033 reum
1390 2981 1774 3034 accusarunt.
1839 2974 2029 3034 filium
2057 2981 2310 3049 captum

349 3058 491 3117 sine-
509 3056 703 3133 pretio
730 3055 1030 3117 redditum
1045 3102 1061 3129 ‚
1106 3054 1514 3133 omnibusque
1541 3055 1676 3118 aliis
1706 3057 1891 3118 rebus
1921 3056 2301 3132 Scipionem,

345 3148 651 3215 tamquam
697 3141 757 3199 in
786 3139 919 3200 eius
947 3139 1129 3200 unius
1156 3156 1344 3200 manu
1370 3156 1495 3215 pax
1521 3140 1800 3202 Romana
1824 3140 2178 3214 bellumque
2207 3155 2308 3200 es-

346 3230 471 3295 set,
512 3223 589 3282 ab
629 3221 933 3283 Antiocho
977 3223 1219 3284 cultum.
1286 3223 1640 3285 dictatorem
1687 3239 1824 3284 eum
1866 3223 2138 3296 consuli,
2179 3239 2308 3284 non

346 3307 608 3380 legatum
652 3306 713 3364 in
755 3305 1073 3381 provincia
1101 3307 1330 3374 missen
1374 3322 1494 3367 nec
1519 3308 1599 3366 ad
1627 3307 1804 3368 aliam
1833 3322 1964 3367 rem
1991 3321 2067 3367 eo
2097 3307 2308 3382 prore-

347 3393 526 3462 ctum,
558 3405 741 3464 quam
768 3395 851 3460 ut,
884 3389 947 3449 id
977 3389 1143 3464 quod
1172 3389 1506 3464 Hispaniae
1535 3389 1764 3451 Galliae
1789 3388 2034 3450 Siciliae
2055 3388 2308 3450 Africae

346 3468 465 3528 iarn
505 3470 738 3544 pridem
784 3487 1151 3548 persuasum
1193 3481 1391 3548 esset,
1432 3473 1550 3534 hoc
1579 3473 1868 3534 Graeciae
1899 3471 2214 3546 Asiaeque
2243 3478 2309 3531 et
