2548 3950
379 212 507 277 256
614 212 844 273 LIBER
871 210 1139 271 XXXVI.
1185 206 1349 269 CAP.
1372 214 1459 267 40.
1483 214 1573 268 41.
1594 214 1686 269 42.
1731 212 1804 280 [a.
1829 212 1898 267 U.
1922 228 1969 263 c.
1991 212 2120 281 561]

379 364 603 429 tribuni
622 363 784 424 bello
809 360 1009 423 alieno
1037 378 1110 422 se
1131 361 1436 435 illigantiS,
1465 366 1533 421 ut
1554 375 1705 421 suae
1732 358 2026 423 victoriae
2047 362 2257 423 fructu
2280 378 2355 423 se

381 449 720 519 fraudaret,
766 462 902 506 cum
931 444 1345 519 disseruisset,
1383 443 1603 505 ,milites
1634 450 2070 507 exauctoratos
2097 446 2353 525 dimisit.

547 531 696 591 XLI.
740 531 898 591 Dum
925 530 1078 589 haec
1107 529 1167 587 in
1194 527 1368 589 ltalia
1396 534 1705 602 geruntur,
1740 526 2084 591 Antiochus
2110 527 2351 605 Ephesi

379 630 640 678 securus
683 614 1014 675 admodum
1055 611 1136 671 de
1173 612 1337 672 bello
1379 611 1657 673 Romano
1700 618 1831 671 erat
1868 619 2179 688 tamquam
2226 630 2351 677 non

381 698 727 763 transituris
755 697 814 758 in
842 698 1062 757 Asiam
1073 695 1388 755 Romanis.
1430 711 1615 770 quam
1636 694 2024 757 securitatem
2045 695 2107 757 ei·
2126 713 2352 773 magna

381 800 529 861 pars
570 782 904 843 amicorum
944 786 1049 841 aut
1076 794 1187 855 per
1214 792 1489 840 errorem
1516 786 1620 841 aut
1648 778 2031 841 adsentando
2062 781 2347 843 faciebat.

379 867 682 929 Hannibal
708 881 887 939 unuS,
920 862 1096 927 cuius
1126 879 1202 923 eo
1229 868 1511 937 tempore
1536 863 1639 923 vel
1663 864 1929 924 maxima
1950 862 2119 940 apud
2139 879 2350 940 regem

381 950 714 1013 auctoritas
744 956 904 1023 erat,
947 950 1143 1023 magis
1173 946 1377 1008 mirari
1408 963 1479 1007 se
1508 945 1739 1019 aiebat,
1783 948 1953 1023 quod
1980 963 2105 1009 non
2136 947 2259 1009 iam
2291 948 2350 1009 in

383 1036 536 1095 Asia
575 1040 793 1095 essent
828 1033 1117 1104 Romani,
1159 1047 1341 1107 quam
1378 1038 1674 1093 venturos
1717 1030 2045 1093 dubitare.'
2087 1032 2351 1107 propius

383 1134 530 1179 esse
555 1134 636 1177 ex
661 1116 918 1177 Graecia
944 1114 1006 1174 in
1029 1114 1240 1175 Asiam
1267 1130 1453 1189 quam
1481 1130 1561 1174 ex
1588 1115 1764 1190 Italia
1779 1115 1841 1175 in
1866 1114 2185 1177 Graeciam
2206 1116 2351 1176 trai-

387 1217 547 1274 cere,
581 1206 642 1261 et
667 1200 856 1261 multo
884 1199 1176 1259 maiorem
1205 1214 1457 1259 causam
1484 1197 1853 1259 Antiochum
1885 1212 2066 1273 quam
2087 1199 2350 1261 Aetolos

384 1300 550 1345 esse.
593 1298 798 1360 neque
827 1283 985 1343 enim
1015 1282 1166 1343 mari
1192 1282 1395 1345 minu-s
1420 1298 1603 1357 quam
1632 1288 1795 1343 terra
1818 1283 2052 1359 pollere
2070 1284 2354 1345 Romana

386 1385 579 1429 arma.
641 1368 760 1429 iarn
810 1366 1044 1448 pridem
1093 1366 1356 1427 classem
1400 1364 1565 1427 circa
1602 1365 1861 1428 Maleam
1906 1381 2069 1427 esse.
2134 1366 2354 1429 audire

388 1469 532 1513 sese
573 1467 772 1529 nuper
811 1468 1007 1512 novas
1051 1466 1242 1511 naves
1284 1465 1638 1527 novumque
1665 1449 2095 1527 imperatorem
2125 1451 2218 1511 rei
2246 1467 2351 1527 ge·

385 1536 620 1597 rendae
662 1552 854 1597 causa
895 1550 976 1595 ex
1003 1535 1176 1595 Italia
1213 1532 1485 1595 venisse.
1551 1534 1760 1610 itaque
1800 1535 2113 1596 desineret
2136 1534 2354 1597 Antio-

391 1621 544 1681 chus
573 1634 791 1695 pacem
821 1617 941 1679 sibi
967 1618 1104 1694 ipse
1133 1634 1248 1693 spe
1278 1634 1441 1679 vana
1467 1620 1689 1679 facere.
1744 1620 1807 1679 in
1834 1618 1985 1679 Asia
2014 1618 2181 1680 etde
2212 1619 2358 1695 ipsa

386 1704 540 1764 Asia
579 1702 754 1762 brevi
791 1709 955 1763 terra
993 1701 1270 1777 marique
1319 1700 1728 1763 dimicandum
1778 1702 1835 1762 ei
1878 1717 2017 1763 cum
2054 1702 2356 1764 Romanis

389 1801 564 1858 esse,
609 1791 669 1846 et
696 1792 802 1846 aut
841 1784 1162 1859 imperium
1193 1785 1585 1846 adimendum
1616 1786 1827 1847 orbem
1854 1791 2151 1847 terrarum
2178 1788 2353 1847 adre-

390 1868 709 1943 ctantihuS,
739 1877 844 1929 aut
872 1868 992 1942 ipsi
1021 1884 1277 1944 regnum
1298 1869 1709 1931 amittendum.
1752 1886 1918 1932 unus
1941 1886 2090 1931 vera
2119 1876 2179 1931 et
2206 1887 2354 1946 pro-

387 1954 601 2014 videre
629 1959 690 2014 et
719 1952 978 2016 fideliter
1003 1954 1361 2029 praedicere
1386 1953 1593 2015 visus=
1638 1954 1844 2030 itaque
1873 1954 2012 2030 ipse
2038 1968 2153 2016 rex
2178 1956 2354 2018 navi·

393 2035 526 2112 bue,
553 2052 716 2113 quae
739 2043 990 2112 paratae
1010 2037 1466 2114 instructaeque
1488 2045 1677 2114 erant,
1704 2038 2155 2101 Chersonesum
2181 2039 2355 2116 petit,

397 2130 460 2181 ut
487 2135 566 2181 ea
591 2123 758 2196 loca,
804 2120 858 2181 si
887 2121 1044 2183 forte
1072 2129 1234 2184 terra
1263 2122 1537 2182 venirent
1561 2122 1849 2198 Romani,
1892 2122 2220 2198 praesidiis
2252 2124 2353 2186 fir-

391 2211 602 2266 maret.
644 2211 909 2266 ceteram
939 2205 1202 2268 classem
1230 2205 1675 2285 Polyxenidam
1703 2222 1925 2284 parare
1952 2214 2015 2268 et
2042 2207 2355 2268 deducere

389 2287 600 2358 iussit;
645 2289 1089 2364 speculatorias
1121 2306 1311 2404 naves
1341 2289 1422 2350 ad
1449 2289 1662 2351 omnia
1674 2291 2055 2366 exploranda
2076 2291 2245 2353 circa
2264 2291 2355 2352 in·

390 2373 561 2432 sulas
593 2371 838 2434 dimisit

557 2455 734 2515 XLII
793 2457 856 2517 C.
893 2457 1100 2517 Livius
1150 2457 1495 2531 praefectus
1542 2457 1857 2519 Romanae
1908 2457 2161 2531 classiS,
2213 2473 2357 2518 cum

392 2538 832 2614 quinquaginta
858 2541 1120 2604 navibus
1144 2537 1323 2602 tectis
1354 2542 1669 2617 profectus
1698 2541 1776 2602 ab
1797 2542 1994 2604 Roma
2012 2541 2357 2618 Neapolim,

393 2638 516 2697 quo
547 2621 624 2681 ab
656 2623 844 2683 sociis
874 2625 1007 2685 eius
1037 2639 1183 2684 orae
1212 2624 1541 2685 convenire
1568 2625 1833 2686 iusserat
1860 2631 2106 2702 apertas
2134 2639 2355 2702 naves,

393 2720 554 2780 quae
583 2720 660 2763 ex
692 2706 944 2766 foedere
973 2707 1369 2782 debebantur,
1400 2706 1667 2770 Siciliam
1697 2709 1841 2770 inde
1867 2709 2037 2786 petit,
2069 2709 2357 2785 fretoque

388 2787 742 2847 Messanam
770 2795 1247 2864 praetervectus,
1282 2807 1420 2852 cum
1445 2807 1559 2852 sex
1579 2790 1839 2854 Punicas
1861 2809 2059 2855 naves
2078 2791 2157 2852 ad
2180 2794 2356 2854 auxi-

391 2871 536 2930 lium
575 2868 802 2932 missas
839 2875 1213 2970 accepisset,
1256 2881 1319 2936 et
1344 2875 1421 2936 ab
1450 2875 1701 2951 Reginis
1729 2877 2070 2954 Locrisque
2098 2883 2161 2937 et
2186 2875 2355 2938 eius·

391 2954 531 3015 dem
577 2953 728 3016 iuris
771 2955 960 3017 sociis
991 2956 1230 3018 debitas
1257 2957 1573 3034 exegisset
1600 2975 1820 3035 naveS,
1854 2962 2118 3024 lustrata
2146 2960 2357 3022 classe

392 3038 472 3098 ad
499 3038 812 3101 Lacinium
840 3041 1030 3102 altum
1056 3041 1220 3116 petit.
1280 3041 1629 3122 Corcyram,
1664 3060 1848 3120 quam
1877 3043 2133 3121 primam
2163 3042 2355 3106 Grae

392 3123 525 3182 ciae
555 3121 886 3186 eivitatium
912 3123 1077 3198 adiit,
1117 3141 1256 3186 cum
1285 3128 1577 3202 venisset,
1619 3134 2057 3203 percunctatus
2082 3128 2162 3189 de
2189 3133 2357 3194 statu

388 3205 532 3266 belli
560 3240 628 3250 —
661 3210 926 3270 necdum
956 3210 1114 3269 enim
1137 3209 1345 3271 omnia
1367 3209 1429 3270 in
1454 3209 1709 3272 Graecia
1730 3219 2060 3289 perpacata
2081 3219 2356 3273 erant—

391 3294 454 3348 et
479 3289 584 3350 ubi
614 3291 834 3352 classis
858 3293 1135 3353 Romana
1161 3300 1345 3368 esset,
1375 3301 1702 3371 postquam
1730 3294 1963 3358 audivit
1984 3298 2149 3358 circa
2164 3294 2359 3356 Ther·

390 3375 779 3450 mopylarum
820 3376 1041 3436 saltum
1081 3374 1141 3435 in
1184 3378 1448 3438 statione
1490 3379 1807 3440 consulem
1848 3394 1923 3440 ac
1949 3395 2159 3457 regem
2185 3394 2357 3456 esse,

393 3456 656 3515 classem
687 3455 918 3516 Piraeei
963 3465 1155 3532 stare,
1197 3463 1621 3522 maturandum
1650 3470 1821 3526 ratus
1850 3463 2118 3526 omnium
2144 3479 2359 3524 rerum
