2548 3950
556 233 788 301 LIBER
813 233 1023 295 XXXI.
1071 234 1463 299 CAP.41.42.
1510 239 1670 316 [ιο.
1704 244 1829 310 200]
2084 235 2164 300 37

197 385 598 458 Aetolorum,
641 399 758 443 nec
799 391 1031 459 castra,
1073 401 1196 459 quo
1239 386 1371 446 fors
1398 384 1642 446 tulisset
1667 389 1835 460 loco,
1880 385 2014 447 sine
2041 389 2167 448 ullo

199 467 562 530 discrimine
590 474 696 528 aut
723 482 872 528 cura
898 468 1206 528 muniendi
1233 470 1458 544 posita.
1516 470 1725 546 itaque
1753 485 1831 530 ne
1856 472 2167 532 temeritas

200 568 422 614 eorum
464 550 972 626 neglegentiaque
1010 550 1129 612 sibi
1172 552 1419 624 ac,suis
1460 554 1640 614 etiam
1682 555 1875 614 cladis
1908 555 2167 617 alicuius

200 651 400 698 causa
419 641 605 710 esset,
627 649 770 695 cum
791 635 1234 710 campestribus
1256 637 1412 698 loci-s
1436 636 1806 698 subicientes
1831 654 1941 698 eos
1965 646 2170 700 castra

197 720 486 780 Phaecae
513 719 650 780 urbi
677 717 932 792 videret,
962 718 1100 794 ipse
1132 720 1317 794 paulo
1347 721 1487 797 plus
1516 721 1679 781 mille
1708 737 2005 797 passuum
2022 722 2168 784 inde

197 805 500 865 tumulum
531 803 681 876 ειιίε,
713 803 996 877 quamvis
1016 802 1136 862 levi
1164 804 1536 864 munimento
1568 811 1773 879 tutum,
1804 805 1985 882 cepit.
2030 821 2167 867 cum

197 887 426 962 Aetoli,
455 886 575 948 nisi
605 886 775 961 quod
805 885 1274 961 populabantur,
1307 888 1410 946 vix
1437 889 1790 950 meminisse
1816 889 2169 951 viderentur

201 986 274 1032 ee
305 971 369 1030 in
398 969 666 1032 hostium
693 984 843 1044 agro
876 983 1038 1042 esse,
1067 969 1169 1030 alii
1199 971 1386 1045 palati
1417 986 1749 1031 semermes
1778 980 2163 1048 vagarentur,

199 1055 304 1115 alii
334 1055 398 1114 in
427 1053 646 1114 castris
675 1053 810 1113 sine
839 1052 1204 1114 stationibus
1236 1069 1348 1129 per
1369 1071 1649 1116 somnum
1674 1055 2008 1132 vinumque
2033 1057 2165 1118 dies
2258 1069 2261 1076 ·

197 1138 490 1198 noctibus
505 1141 857 1212 aequarent,
869 1135 1187 1213 Philippus
1202 1137 1659 1215 inopinantibus
1683 1138 1947 1201 advenit.
1982 1156 2161 1216 quern

199 1237 346 1282 cum
385 1221 610 1282 adesse
646 1221 1022 1294 refugientes
1063 1237 1144 1282 ex
1173 1222 1336 1297 agris
1366 1223 1617 1299 quidam
1655 1223 1865 1299 pavidi
1894 1224 2165 1285 nuntias-

200 1311 374 1378 sent,
405 1304 713 1380 trepidare
737 1304 1124 1366 Damocritus
1157 1307 1467 1382 ceterique
1496 1307 1721 1368 duces=
1766 1313 1829 1366 et
1854 1315 1983 1369 erat
2012 1309 2167 1369 forte

197 1387 604 1450 meridianum
629 1393 894 1463 tempus,
927 1405 1049 1464 quo
1082 1389 1363 1465 plerique
1392 1406 1612 1468 graves
1637 1389 1775 1450 cibo
1800 1391 1983 1464 sopiti
2006 1392 2139 1450 iace

198 1473 368 1532 bant.
433 1472 705 1532 excitare
732 1471 914 1546 igitur
939 1473 1040 1532 alii
1069 1473 1255 1546 alioS,
1302 1474 1513 1534 iubere
1541 1489 1710 1534 arma
1737 1488 1979 1549 capere,
2011 1475 2164 1536 alios

202 1555 505 1616 dimittere
553 1556 634 1616 ad
673 1555 1062 1617 revocandos
1117 1555 1220 1632 qui
1270 1557 1457 1633 palati
1509 1571 1621 1633 per
1667 1571 1851 1632 agros
1901 1559 2164 1633 praeda·

196 1640 442 1700 bantur.
494 1645 786 1715 tantaque
825 1639 1149 1715 trepidatio
1193 1640 1331 1716 suit,
1372 1647 1440 1700 ut
1480 1642 1613 1701 sine
1651 1641 1873 1716 gladiis
1918 1643 2165 1719 quidam

197 1723 476 1800 equitum
499 1721 752 1798 exirent,
776 1723 1000 1784 loricas
1021 1724 1451 1800 plerique‘non
1474 1725 1809 1788 induerent.
1840 1724 1921 1786 ita
1944 1727 2165 1801 raptim

197 1805 425 1881 educti,
467 1821 606 1868 cum
639 1813 1070 1868 sexcentorum
1098 1823 1286 1882 aegre
1316 1808 1495 1871 simul
1526 1810 1768 1885 equites
1797 1810 2167 1885 peditesque

198 1906 522 1952 numerum
511 1893 909 1989 explessent,
925 1891 1234 1952 incidunt
1219 1909 1279 1952 m
1301 1893 1535 1968 regium
1550 1892 1881 1991 equitatum
1906 1909 2162 1954 numero

199 1975 392 2037 armis
429 1973 770 2051 animisque
799 1973 1228 2051 praestantem.
1300 1978 1507 2054 itaque
1534 1978 1729 2053 primo
1760 1977 1993 2053 impetu
2019 1978 2161 2052 fusi,

201 2060 308 2121 vix
332 2064 625 2135 temptato
667 2060 994 2120 certamine
1033 2060 1193 2135 turpi
1222 2060 1371 2137 fuga
1394 2068 1684 2138 repetunt
1709 2068 1929 2123 castra.
1997 2062 2164 2123 caesi

203 2143 496 2219 captique
526 2158 682 2219 quos
711 2141 950 2220 equites
979 2144 1058 2203 ab
1087 2144 1329 2219 agmine
1355 2144 1715 2219 fugientium
1742 2146 2159 2206 interclusere.

197 2226 378 2287 XLII.
407 2225 722 2302 Philippus
748 2227 868 2287 iam
891 2228 1024 2287 suis
1041 2228 1204 2288 vallo
1229 2228 1867 2304 appropinquantibus
1889 2229 2165 2301 receptui

201 2309 340 2371 cani
369 2310 579 2371 iussit=
607 2310 892 2385 fatigatos
913 2312 1075 2371 enim
1097 2326 1297 2387 equos
1320 2312 1618 2386 virosque
1638 2327 1762 2371 non
1784 2318 1907 2371 tam
1929 2312 2165 2387 proelio

205 2410 389 2469 quam
429 2394 660 2455 itineris
699 2395 882 2455 simul
920 2394 1299 2470 longitudine
1340 2394 1519 2456 simul
1554 2408 1976 2471 praepropera
2006 2394 2164 2454 cele-

202 2478 379 2539 ritate
398 2477 678 2538 habebat.
707 2479 912 2553 itaque
936 2479 1236 2539 turmatim
1261 2480 1519 2555 equites,
1546 2480 1609 2539 in
1630 2477 1955 2555 vicemque
1976 2479 2163 2539 mani·

203 2562 388 2637 pulos
446 2561 599 2621 levis
650 2568 992 2623 armaturae
1043 2568 1329 2639 aquatum
1377 2562 1467 2623 ire
1516 2569 1579 2625 et
1616 2565 1924 2638 prandere
1967 2563 2162 2633 iubet;

206 2645 360 2705 alios
390 2644 452 2705 in
481 2644 741 2706 statione
781 2653 1047 2707 armatos
1088 2646 1337 2721 retinet,
1379 2649 1713 2723 opperiens
1744 2664 1961 2723 agmen
1993 2646 2162 2723 pedi-

203 2736 328 2789 tum
367 2728 602 2789 tardius
645 2729 890 2790 ductum
928 2736 1177 2806 propter
1213 2731 1571 2805 gravitatem
1614 2746 1936 2791 armorum.
1998 2731 2165 2805 quod

203 2810 308 2874 ubi
325 2812 594 2887 advenit,
627 2821 687 2873 et
708 2813 862 2888 ipsis
884 2815 1262 2889 imperatum,
1292 2822 1359 2891 ut
1379 2816 1616 2875 statutis
1640 2815 1833 2890 signis
1856 2813 2165 2890 armisque

203 2902 346 2956 ante
375 2910 446 2957 se
470 2896 690 2971 positis
719 2896 938 2973 raptim
963 2898 1164 2958 cibum
1186 2905 1495 2973 caperent,
1523 2898 1684 2959 binis
1706 2900 1977 2960 ternisve
1999 2914 2164 2958 sum-

205 2995 370 3039 mum
397 2994 476 3040 ex
513 2981 836 3057 manipulis
879 2982 1148 3057 aquandi
1190 2998 1379 3043 causa
1418 2982 1658 3045 missis=
1700 2983 1941 3043 interim
1970 2996 2163 3053 eques

209 3078 344 3123 cum
384 3062 508 3123 levi
547 3073 850 3126 armatura
890 3072 1139 3141 paratus
1181 3066 1643 3141 instructusque
1684 3066 1877 3139 stetit,
1920 3066 1974 3123 si
2018 3062 2165 3138 quid

205 3145 400 3207 hostis
453 3155 744 3209 moveret.
815 3148 1018 3211 Aetoli
1047 3149 1267 3209 —iam
1320 3150 1483 3211 enim
1522 3156 1583 3210 et
1625 3164 1785 3223 quae
1824 3162 1939 3223 per
1978 3160 2163 3221 agros

207 3245 425 3307 sparsa
452 3230 772 3293 multitudo
803 3233 1015 3307 suerat,
1053 3240 1419 3307 receperant
1447 3248 1518 3292 se
1545 3232 1606 3291 in
1639 3236 1945 3291 castra—
1966 3238 2032 3291 ut
2060 3231 2163 3290 de-

206 3314 436 3379 fensuri
458 3315 844 3389 munimenta,
869 3316 1032 3377 circa
1053 3322 1267 3392 portas
1288 3316 1641 3392 vallumque
1662 3322 1930 3377 armatos
1954 3314 2163 3389 dispo-

206 3403 371 3472 nunt,
403 3398 551 3459 dum
579 3398 821 3475 quietos
848 3398 1066 3461 hostes
1095 3398 1216 3475 ipsi
1245 3398 1486 3459 feroces
1516 3400 1597 3459 ex
1624 3404 1753 3461 tuto
1783 3398 2164 3476 spectabant.

205 3489 534 3558 postquam
576 3490 742 3544 mota·
771 3484 950 3559 signa
974 3483 1383 3545 Macedonum
1414 3489 1587 3557 sunt,
1629 3490 1691 3544 et
1718 3484 2053 3546 succedere
2083 3481 2164 3540 ad
