2548 3950
392 269 515 334 110
664 270 893 330 LIBER
920 269 1183 329 xxxm.
1229 269 1394 328 CAP.
1423 275 1512 329 31.
1541 276 1629 329 32.
1679 269 1750 345 [a.
1777 271 2069 347 nasse]

390 439 506 484 sua
548 421 751 482 facere
789 437 864 481 ac
900 429 1169 482 statuere
1212 417 1368 480 iussi
1409 426 1630 496 erant„i
1681 418 2026 480 Antiochus
2055 435 2175 479 rex
2203 429 2356 496 erat,

390 521 575 582 quem
602 513 1131 580 transgressurum
1158 503 1220 564 in
1248 504 1589 578 Europam,
1635 519 1774 564 cum
1801 501 2066 578 primum
2095 501 2157 563 ei
2187 502 2355 566 vires

390 605 542 650 suae
572 587 722 650 satis
752 587 1163 665 placuissent,
1196 604 1322 649 non
1353 586 1726 648 dubitabant.
1812 585 1868 646 ei
1897 594 2020 648 tam
2051 597 2350 663 opportu-

388 689 501 734 nas
531 673 613 734 ad
636 671 1065 748 occupandum
1093 679 1309 746 patere
1329 671 1515 732 urbes
1537 671 1844 733 nolebant.
1889 670 1967 731 ab
1989 671 2188 731 Elatia
2208 688 2353 748 pro·

387 759 587 819 rectus
618 755 935 830 Quinctius
963 754 1321 834 Anticyram
1352 771 1491 816 cum
1520 753 1736 816 decem
1765 753 2016 831 legatis,
2058 754 2208 817 inde
2238 757 2352 819 Co-

382 840 651 902 rinthum
684 837 939 901 traiecit.
1022 839 1107 899 ibi
1148 837 1409 900 consilia
1450 838 1529 899 de
1570 837 1848 901 libertate
1877 837 2174 900 Graeciae
2214 838 2350 902 dies

384 941 584 1003 prope
631 932 797 987 totos
846 922 909 984 in
964 921 1226 984 concilio
1279 923 1497 983 decem
1545 924 1884 998 legatorum
1938 922 2349 999 agitabantur.

383 1008 718 1071 identidem
748 1006 1065 1082 Quinctius
1095 1007 1473 1068 liberandam
1503 1023 1744 1068 omnem
1772 1005 2110 1081 Graeciam,
2141 1007 2200 1068 si
2227 1010 2349 1070 Ac-

382 1095 645 1154 tolorum
674 1090 915 1166 linguas
938 1091 1285 1163 retundere,
1321 1090 1375 1150 si
1399 1107 1605 1150 veram
1630 1090 1942 1153 caritatem
1964 1106 2038 1151 ac
2059 1093 2348 1153 maiesta-

382 1185 507 1236 tem
546 1176 717 1251 apud
756 1174 954 1236 omnis
995 1173 1261 1234 nominis
1301 1173 1564 1234 Romani
1602 1175 1828 1236 vellent
1855 1190 2030 1246 esse;
2074 1175 2132 1236 si
2161 1177 2349 1236 fidem

384 1258 591 1323 facere
618 1259 700 1320 ad
728 1258 1108 1320 liberandam
1138 1257 1457 1319 Graeciam
1471 1304 1485 1331 ,
1519 1275 1643 1321 non
1671 1259 1753 1319 ad
1781 1260 2282 1321 transferendum
2311 1276 2350 1320 a

381 1341 665 1420 Philippo
698 1345 781 1404 ad
810 1359 880 1404 se
910 1341 1233 1418 imperium
1254 1357 1406 1403 sese
1433 1359 1602 1404 mare
1631 1341 1969 1404 traiecisse.
2014 1341 2168 1403 nihil
2198 1360 2346 1404 con-

380 1436 475 1490 tra
518 1445 594 1490 ea
635 1430 713 1489 de
753 1427 1031 1489 libertate
1071 1426 1314 1488 urbium
1354 1425 1456 1486 alii
1499 1426 1811 1488 dicebant:
1867 1434 2140 1488 ceterum
2186 1425 2348 1506 ipsis

380 1511 571 1573 tutius
602 1528 746 1573 esse
774 1528 1021 1573 manere
1050 1511 1370 1587 paulisper
1399 1511 1515 1571 sub
1545 1511 1732 1571 tutela
1760 1509 2055 1586 praesidii
2082 1509 2348 1573 Romani

386 1612 569 1670 quam
600 1611 710 1670 pro
740 1593 1021 1671 Philippo
1037 1595 1410 1656 Antiochum
1434 1594 1744 1655 dominum
1765 1594 2069 1670 accipere.
2101 1603 2347 1672 postre-

382 1694 481 1737 mo
512 1677 595 1738 ita
624 1679 938 1740 decretum
967 1685 1094 1752 est,
1129 1677 1456 1739 Corinthus
1484 1679 1845 1740 redderetur
1870 1679 2160 1753 Achaeis,
2189 1687 2260 1740 ut
2284 1677 2346 1738 in

379 1760 828 1823 Acrocorintho
857 1769 1059 1822 tamen
1090 1760 1473 1838 praesidium
1501 1770 1700 1834 esset;
1746 1762 2094 1837 Chalcidem
2122 1779 2198 1824 ac
2227 1765 2344 1824 De-

382 1843 736 1906 metriadem
765 1843 1043 1918 retineri,
1087 1847 1288 1905 donec
1320 1862 1466 1905 cura
1495 1846 1574 1906 de
1601 1846 1910 1909 Antiocho
1941 1846 2343 1908 decessisset.

549 1929 786 1990 XXXII.
829 1929 1219 1992 Isthmiorum
1248 1935 1474 1994 statum
1503 1930 1804 1993 ludicrum
1831 1931 2061 2006 aderat,
2095 1947 2348 2007 semper

384 2012 631 2089 quidem
661 2022 723 2075 et
748 2011 900 2075 alias
932 2016 1225 2089 frequens
1258 2031 1396 2076 cum
1422 2024 1678 2090 propter
1706 2014 2042 2091 spectaculi
2073 2015 2346 2079 studium

380 2095 627 2159 insitum
667 2095 862 2173 genti,
917 2116 1039 2173 quo
1083 2100 1417 2159 certamina
1461 2098 1659 2161 omnis
1701 2100 1948 2175 generis
1990 2099 2211 2162 artium
2253 2100 2343 2160 vi-

378 2179 661 2259 riumque
691 2190 751 2243 et
777 2180 1155 2259 pernicitatis
1184 2182 1482 2255 visuntur,
1513 2192 1641 2245 tum
1665 2183 1809 2260 quia
1829 2192 2083 2260 propter
2112 2200 2342 2260 oppor-

379 2265 695 2329 tunitatem
722 2265 845 2329 loci
871 2283 986 2343 per
1016 2267 1139 2328 duo
1172 2266 1421 2329 diversa
1449 2265 1642 2328 maria
1661 2268 1930 2329 omnium
1956 2282 2163 2330 rerum
2187 2286 2341 2331 usus

378 2349 775 2413 ministrantis
803 2350 1069 2412 humano
1094 2352 1306 2425 generi
1330 2350 1673 2425 concilium,
1701 2350 1894 2414 Asiae
1917 2352 2341 2428 Graeciaeque

377 2433 432 2494 is
473 2443 779 2495 mercatus
831 2443 989 2495 erat:
1040 2442 1167 2495 tum
1210 2452 1357 2496 vero
1401 2452 1526 2496 non
1567 2436 1647 2494 ad
1687 2435 1906 2499 solitos
1953 2437 2138 2497 modo
2184 2453 2340 2497 usus

376 2517 653 2592 undique
668 2526 1101 2590 convenerant,
1132 2520 1247 2578 sed
1270 2515 1736 2595 exspectatione
1751 2520 1958 2595 erecti,
1979 2519 2082 2596 qui
2109 2519 2340 2581 deinde

378 2608 575 2662 status
604 2601 844 2663 futurus
875 2600 1167 2662 Graeciae
1183 2649 1199 2677 ,
1250 2620 1410 2676 quae
1440 2620 1556 2665 sua
1585 2605 1830 2665 fortuna
1856 2612 2050 2676 esset,
2081 2602 2190 2663 alii
2217 2603 2339 2665 alia

376 2699 501 2744 non
530 2680 697 2745 taciti
727 2684 928 2745 solum
958 2684 1368 2782 opinabantur
1405 2688 1519 2748 sed
1547 2686 1935 2748 sermonibus
1965 2686 2150 2749 etiam
2181 2689 2338 2749 sere·

374 2769 522 2829 bant
540 2768 856 2829 Romanos
880 2769 1185 2830 facturos.
1206 2770 1314 2829 vix
1338 2770 1624 2846 cuiquam
1644 2772 2134 2847 persuadebatur
2149 2772 2335 2834 Grae-

377 2850 472 2912 cia
496 2850 661 2913 omni
683 2865 995 2913 cessuros.
1024 2853 1105 2912 ad
1128 2856 1544 2929 spectaculum
1567 2858 1998 2931 consederant,
2022 2864 2083 2919 et
2103 2872 2336 2933 praeco

374 2950 513 2997 cum
541 2932 839 3007 tubicine,
893 2945 959 2998 ut
987 2953 1124 2998 mos
1155 2946 1280 3011 est,
1331 2938 1394 2998 in
1433 2939 1698 3000 mediam
1727 2955 1964 3016 aream,
2012 2941 2182 3002 unde
2211 2941 2335 3003 sol·

373 3019 556 3082 lemni
596 3017 865 3081 carmine
894 3021 1195 3082 ludicrum
1223 3013 1414 3084 indici
1454 3025 1642 3097 solet,
1693 3018 2030 3100 processit,
2085 3033 2148 3086 et
2187 3025 2335 3086 tuba

373 3104 612 3166 silentio
644 3104 805 3169 facto
836 3102 921 3167 ita
943 3106 1341 3182 pronuntiat,
1347 3116 1618 3178 ,senatus
1643 3109 1958 3170 Romanus
1983 3117 2044 3171 et
2063 3109 2127 3168 T.
2145 3108 2331 3184 Quin-

372 3188 529 3251 ctius
568 3188 903 3289 imperator
938 3189 1220 3267 Philippo
1262 3207 1410 3267 rege
1449 3191 2025 3271 Macedonibusque
2068 3192 2330 3254 devictis

370 3270 616 3345 liberoS,
646 3272 968 3349 immunes,
1000 3274 1132 3336 suis
1161 3274 1402 3350 legibus
1434 3292 1576 3337 esse
1606 3276 1775 3339 iubet
1797 3276 2144 3339 Corinthios
2173 3276 2329 3338 Pho-

373 3368 594 3416 censes
620 3356 1094 3434 Locrensesque
1138 3358 1338 3420 omnis
1368 3368 1427 3420 et
1455 3358 1718 3421 insulam
1745 3361 2064 3423 Euboeam
2105 3368 2168 3421 et
2199 3360 2330 3421 Ma-

371 3442 606 3511 gnetas,
632 3436 997 3534 Thessalos,
1026 3440 1427 3518 Perrhaebos,
1455 3443 1745 3507 Achaeos
1765 3443 2145 3507 Phthiotasf‘
2191 3460 2329 3521 per·

374 3526 702 3579 censuerat
742 3518 940 3580 omnis
981 3486 1211 3595 ’gentis,
1256 3540 1416 3598 quae
1448 3527 1563 3587 sub
1594 3526 1838 3591 dicione
1865 3527 2128 3604 Philippi
2157 3526 2330 3605 regis
