2548 3950
1502 39 1518 43 *⁷
1550 0 1853 61 -mi'qffss‘
1874 0 1877 1 ⁷

270 200 273 203 ’
352 232 477 297 332
606 232 835 292 LIBER
854 232 1177 292 xxxvm.
1218 232 1383 291 CAP.
1413 240 1494 294 16.
1519 240 1604 295 ιτ.
1645 238 1716 306 [a.
1743 237 1812 290 υ.
1837 256 1885 297 0.
1912 235 2030 313 563]

354 396 625 459 venerat,
670 402 805 444 cum
843 385 1075 445 maiore
1114 394 1286 460 parte
1324 384 1632 443 hominum
1659 384 1879 459 repetit
1904 383 2305 462 Byzantium3

349 470 627 531 Lutarius
664 468 1107 529 Macedonibus
1159 482 1272 542 per
1323 466 1593 541 speeiem
1643 468 1966 543 legationis
2011 467 2086 527 ab
2127 469 2304 529 Anti-

348 561 523 628 patro
564 552 640 611 ad
686 552 1131 626 speculandum
1179 549 1387 611 missis
1428 550 1584 611 duas
1625 559 1818 612 tectas
1857 565 2048 610 naves
2091 560 2154 611 et
2188 551 2305 613 tris

348 637 583 696 lembos
614 634 839 695 adimit.
884 634 959 694 iis
988 633 1143 695 alios
1174 638 1360 708 atque
1387 634 1546 695 alios*
1570 635 1703 693 dies
1733 641 2074 709 noctesque
2099 642 2306 695 trave·

346 720 577 793 henoc,
620 720 775 779 intra
802 733 1041 793 paucos
1070 718 1204 778 dies
1234 718 1432 777 omnis
1450 718 1676 793 *copias
1705 718 1956 779 traiecit.
2025 718 2196 779 haud
2224 718 2307 779 ita

346 805 531 864 multo
576 810 725 878 post
746 801 1049 861 Lonorius
1092 802 1418 861 adiuvante
1442 799 1776 862 Nicomede
1802 800 2126 879 Bithyniae
2155 818 2308 877 rege

346 902 385 944 a
409 885 709 963 Byzantio
738 884 1090 947 transmisit.
1124 894 1347 945 coeunt
1369 884 1592 945 deinde
1611 886 1673 945 in
1698 892 1885 945 unum
1903 902 2122 945 rursus
2143 886 2306 946 ⁸>Galli

346 978 406 1029 et
438 968 665 1030 auxilia
690 968 1008 1031 Nicomedi
1049 969 1199 1028 dant
1236 969 1538 1028 adversus
1565 968 1908 1042 Ziboetam,
1949 977 2187 1045 partem
2213 978 2304 1036 te-

345 1062 589 1114 nentem
616 1050 969 1129 Bithyniae,
1012 1052 1245 1125 gerenti
1280 1052 1522 1111 bellum.
1583 1060 1768 1125 atque
1790 1067 2006 1113 eorum
2035 1052 2306 1112 maxime

347 1150 539 1211 opera
580 1134 859 1195 devictus
887 1134 1141 1194 Ziboeta
1163 1140 1300 1208 est,
1338 1133 1751 1213 Bithynia-que
1779 1137 1979 1197 omnis
2008 1138 2072 1195 in
2107 1135 2304 1197 dicio·

348 1234 484 1279 nem
506 1218 861 1279 Nicomedis
894 1218 1219 1278 concessit.
1285 1216 1544 1291 profecti
1573 1235 1652 1278 ex
1676 1218 1969 1297 Bithynia
1993 1219 2056 1279 i÷n
2085 1220 2304 1279 Asiam

348 1310 803 1377 processerunt.
845 1316 969 1361 non
998 1302 1141 1377 plus
1160 1300 1489 1375 *ex-viginti
1517 1300 2093 1363 milibus-hominum
2119 1320 2304 1378 quam

346 1387 557 1446 decem
586 1394 819 1447 armata
848 1393 1036 1446 erant.
1082 1392 1284 1445 tamen
1308 1391 1534 1445 tantum
1555 1384 1808 1445 terroris
1833 1386 2306 1461 omnibus-quae

346 1469 435 1530 cis
460 1471 726 1530 Taurum
754 1467 1029 1530 incolunt
1056 1468 1338 1543 gentibus
1367 1470 1718 1543 iniecerunt,
1748 1476 1816 1529 ut
1844 1484 2000 1545 quas
2023 1471 2308 1531 adissent

347 1568 628 1627 quasque
650 1568 774 1613 non
798 1552 1087 1625 adissent,
1117 1550 1346 1628 pariter
1365 1552 1611 1613 ultimae
1634 1552 2018 1629 propinquis,
2041 1554 2304 1629 imperio

339 1635 646 1710 parerent.
711 1645 1023 1710 postremo
1056 1650 1193 1695 eum
1222 1644 1349 1697 tres
1379 1643 1590 1697 essent
1614 1643 1830 1710 gentes
1847 1684 1863 1712 ,
1900 1637 2302 1711 Toiistobogii

342 1720 584 1779 Trocmi
610 1718 1018 1793 Tectosages,
1055 1718 1117 1777 in
1148 1720 1256 1778 tris
1283 1720 1498 1794 partiS,
1531 1736 1654 1794 qua
1683 1720 1904 1795 cuique
1936 1722 2305 1796 populorum

344 1816 595 1862 suorum
626 1801 939 1875 vectigalis
968 1802 1121 1860 Asia
1150 1812 1336 1873 esset,
1369 1802 1726 1863 diviserunt.
1767 1802 2041 1865 Trocmis
2063 1805 2305 1864 Helles-

342 1884 535 1962 ponti·
559 1902 667 1945 ora
707 1885 882 1955 data3
923 1884 1326 1959 Tolistobogii
1359 1886 1618 1946 Aeolida
1657 1893 1843 1963 atque
1887 1886 2148 1961 Ioniam,
2183 1890 2306 1948 Te-

344 1977 631 2046 ctosages
673 1968 1116 2031 mediterranea
1142 1970 1331 2030 Asiae
1369 1970 1563 2031 sortiti
1604 1978 1763 2032 sunt.
1833 1981 1897 2033 et
1929 1971 2305 2047 stipendium

342 2061 470 2114 tota
512 2055 602 2113 cis
641 2055 903 2114 Taurum
932 2053 1087 2113 Asia
1128 2054 1484 2129 exigebant,
1527 2056 1740 2116 sedem
1779 2063 1982 2116 autem
2020 2057 2142 2132 ipsi
2185 2057 2306 2116 sibi

344 2136 508 2197 eirea
525 2137 726 2214 Halyn
754 2135 983 2197 flumen
1016 2144 1330 2212 ceperunt.
1373 2144 1704 2213 tantusque
1731 2146 1929 2200 terror
1955 2155 2170 2200 eorum
2193 2157 2304 2200 no·

340 2219 521 2281 minis
549 2229 709 2293 erat,
740 2221 1117 2281 multitudine
1147 2223 1329 2282 etiam
1357 2237 1576 2296 magna
1605 2222 1825 2282 subole
1858 2231 2056 2297 aucta,
2089 2231 2157 2284 ut
2185 2222 2306 2300 Sy-

340 2307 469 2364 riae
520 2320 771 2380 quoque
808 2306 889 2365 ad
934 2312 1311 2381 postremum
1351 2320 1532 2380 reges
1569 2306 1946 2381 stipendium
1985 2308 2136 2367 dare
2173 2323 2303 2367 non

343 2389 697 2448 abnuerent.
771 2387 1005 2462 pr1mus
1052 2388 1268 2448 Asiam
1324 2387 1717 2450 inco-lentium
1773 2390 1984 2452 abnuit
2035 2392 2303 2463 AttaluS,

343 2480 516 2545 pater
554 2472 720 2547 regis
752 2470 1076 2548 Eumenis3
1124 2471 1471 2548 audacique
1512 2473 1756 2549 incepto
1785 2480 2033 2549 praeter
2062 2475 2303 2550 opinio-

342 2553 481 2615 nem
524 2555 793 2616 omnium
832 2556 1029 2616 adfuit
1067 2557 1342 2631 fortuna,
1393 2564 1453 2616 et
1497 2555 1690 2634 signis
1735 2559 1970 2619 collatis
2015 2555 2306 2633 superior

343 2639 468 2699 suit.
512 2654 637 2699 non
666 2647 866 2699 tamen
898 2639 982 2700 ita
1008 2641 1253 2716 Infregit
1281 2641 1518 2713 animos
1549 2656 1790 2713 eorum,
1836 2647 1904 2703 ut
1931 2639 2308 2702 absisterent

338 2721 617 2796 imperi0.
690 2723 943 2782 eaedem
992 2738 1146 2798 opes
1195 2741 1397 2798 usque
1435 2726 1516 2784 ad
1563 2724 1790 2785 bellum
1830 2723 2120 2786 Antiochi
2161 2740 2305 2785 eum

336 2803 631 2866 Romanis
672 2814 1045 2866 manserunt.
1107 2815 1232 2868 tum
1263 2823 1542 2884 quoque,
1585 2809 1767 2884 pulso
1795 2809 2134 2883 Antiocho,
2174 2823 2304 2866 ma·

338 2904 521 2962 gnam
548 2903 725 2964 spem
751 2887 1123 2964 habuerunt,
1167 2891 1314 2965 quia
1345 2893 1562 2967 procul
1591 2894 1742 2952 mari
1769 2893 2137 2965 incolerent,
2176 2891 2303 2950 Ro·

336 2984 580 3032 manum
610 2972 942 3033 exereitum
970 2972 1052 3033 ad
1080 2989 1151 3034 se
1182 2991 1304 3035 non
1336 2979 1788 3051 perventurum.

502 3057 689 3118 XVII.
736 3056 881 3117 Cum
910 3057 1030 3118 hoc
1058 3056 1178 3116 iam
1206 3058 1417 3130 hoste,
1462 3067 1584 3119 tam
1610 3059 1860 3120 terribili
1889 3060 2175 3120 omnibus
2205 3074 2303 3119 re-

334 3139 535 3212 gionis
567 3142 720 3213 eiuS,
754 3142 897 3215 quia
923 3139 1150 3202 bellum
1179 3143 1518 3216 gerendum
1546 3150 1690 3216 erat,
1723 3159 1838 3219 pro
1871 3145 2158 3204 contione
2185 3143 2302 3201 mi-

333 3223 469 3283 lites
498 3224 558 3283 in
588 3223 752 3284 hunc
778 3225 1043 3284 maxime
1072 3225 1324 3286 modum
1355 3227 1678 3287 adlocutus
1707 3234 1804 3288 est
1831 3228 2070 3288 consul.
2133 3241 2304 3299 „non

332 3321 431 3366 me
460 3307 765 3380 praeterit,
794 3307 1033 3380 militeS,
1064 3309 1334 3369 omnium
1365 3326 1522 3385 quae
1551 3308 1764 3370 Asiam
1796 3311 2003 3372 colunt
2029 3309 2303 3384 gentium

334 3386 541 3450 Gallos
585 3390 747 3451 fama
784 3390 931 3452 belli
968 3398 1306 3467 praestare.
1363 3392 1519 3453 inter
1547 3392 1930 3455 mitissimum
1960 3409 2158 3468 genus
2185 3391 2300 3452 ho·

331 3468 557 3531 minum
582 3472 759 3534 ferox
782 3473 967 3549 natio,
988 3482 1325 3550 pervagata
1337 3476 1496 3537 bello
1521 3493 1720 3553 prope
1744 3475 1954 3538 orbern
1980 3486 2295 3547 terrarum,
