2548 3950
350 171 437 234 24
605 171 840 231 LIBER
865 169 1074 230 XXXI.
1121 169 1289 228 CAP.
1318 176 1406 231 27.
1432 175 1519 229 28.
1542 176 1629 230 29.
1672 169 1741 246 [a.
1767 173 1838 224 U.
1864 190 1911 224 c.
1936 168 2065 244 552]

355 325 610 384 adortus
663 319 1066 395 expugnavit,
1139 317 1603 394 puberibusque
1660 319 2025 393 intel-rectia,
2086 321 2329 394 praeda

355 407 520 468 omni
549 405 838 465 militibus
871 419 1176 465 concessa
1210 401 1394 462 diruit
1420 417 1631 462 muros
1662 409 1847 477 atque
1867 403 2082 462 urbem
2111 403 2327 465 incen-

355 492 461 551 dit.
506 490 606 548 hic
634 494 830 549 metus
858 487 1242 560 Codrionem,
1273 487 1424 546 satis
1447 485 1715 546 validum
1740 487 2115 547 etmunitum
2142 489 2327 564 oppi-

357 575 501 635 dum
518 620 534 649 ,
578 573 714 633 sine
743 572 1070 632 certamine
1096 577 1166 632 ut
1193 570 1523 631 dederetur
1548 571 1845 630 Romanis
1876 564 2097 631 effecit.
2139 587 2327 647 prae·

357 659 516 718 sidio
547 657 629 718 ibi
657 655 871 716 relicto
899 655 1124 715 Cnidus
1147 687 1234 696 -
1257 668 1481 714 nomen
1516 659 1769 730 propter
1799 655 2049 714 alteram
2076 655 2138 714 in
2168 657 2329 716 Asia

355 743 570 803 urbem
612 755 794 816 quam
831 739 1125 814 oppidum
1166 739 1372 798 notius
1392 769 1479 782 —-·
1498 739 1560 799 vi
1590 739 1845 814 capitur.
1916 745 2325 800 revertentem

354 829 622 902 legatum
651 825 731 884 ad
761 824 1076 884 consulem
1106 836 1244 883 cum
1274 823 1425 882 satis
1455 836 1677 898 magna
1705 821 1941 898 praeda
1966 823 2323 898 Athenago-

353 927 460 970 ras
491 909 740 985 quidam
767 907 976 984 regius
1005 908 1355 981 praefectus
1384 905 1443 965 in
1472 908 1731 967 transitu
1760 903 2027 966 fluminis
2050 918 2089 965 a
2112 908 2323 966 novis-

357 995 512 1056 simo
561 992 805 1069 agmine
855 993 1141 1065 adorata,
1191 997 1543 1066 postremos
1592 990 1877 1051 turbavit.
1942 989 2022 1050 ad
2062 1005 2325 1074 quorum

357 1081 686 1139 clamorem
729 1083 792 1136 et
829 1075 1299 1150 trepidationem
1342 1089 1479 1134 cum
1518 1081 1803 1135 revectus
1846 1087 2009 1151 equo
2053 1088 2327 1150 propere

355 1163 594 1236 legatus
625 1161 802 1234 signa
826 1159 1252 1231 convertisset,
1285 1165 1347 1218 et
1374 1159 1665 1219 coniectis
1689 1159 1750 1218 in
1772 1158 2038 1218 medium
2059 1159 2324 1219 sarcinis

358 1245 553 1318 aciem
597 1243 953 1317 direxi-sset,
998 1257 1122 1302 non
1162 1243 1358 1302 tulere
1398 1242 1690 1317 impetum
1718 1243 2133 1302 Romanorum
2166 1241 2322 1300 mili-

355 1337 480 1390 tum
511 1327 682 1401 regii.
735 1325 904 1387 multi
935 1343 1014 1386 ex
1048 1326 1123 1386 iis
1155 1327 1363 1401 occisi,
1398 1329 1603 1401 plures
1636 1326 1816 1401 capti.
1880 1325 2119 1400 legatus
2152 1325 2321 1386 inco·

355 1412 499 1472 lumi
549 1411 824 1470 exercitu
871 1411 1127 1472 reducto
1179 1411 1256 1470 ad
1304 1412 1621 1470 consulem
1668 1407 1987 1469 remittitur
2029 1410 2171 1470 inde
2216 1425 2321 1468 ex—

355 1496 582 1570 templo
613 1495 690 1554 ad
723 1495 1005 1554 classem.

525 1578 796 1639 XXVllI.
838 1579 970 1638 Hac
999 1577 1150 1638 satis
1181 1577 1344 1638 felici
1372 1577 1765 1653 expeditione
1794 1577 1955 1638 bello
1988 1576 2322 1638 commisso

355 1662 552 1737 reguli
582 1677 654 1722 ac
683 1662 998 1736 principes
1030 1662 1279 1721 accolae
1298 1660 1705 1722 Macedonum
1733 1662 1793 1721 in
1821 1667 2023 1722 castra
2042 1661 2323 1722 Romana

357 1746 626 1820 veniunt,
655 1745 973 1806 Pleuratus
1005 1742 1383 1803 Scerdilaedi
1414 1744 1594 1817 filius,
1630 1753 1689 1806 et
1708 1745 2111 1823 Amynander
2131 1745 2318 1805 Atha-

357 1842 602 1889 manum
643 1843 784 1901 rex,
829 1833 890 1886 et
929 1843 1008 1886 ex
1035 1826 1339 1886 Dardanis
1368 1829 1521 1889 Bato
1550 1829 1815 1903 Longari
1846 1827 2026 1888 filius.
2092 1829 2321 1889 bellum

358 1928 473 1972 suo
519 1911 765 1972 nomine
792 1911 1114 1987 Longarus
1159 1926 1297 1970 cum
1326 1913 1629 1972 Demetrio
1668 1911 1930 1988 Philippi
1974 1919 2146 1988 patre
2179 1928 2315 1987 ges-

357 2001 542 2057 serat.
586 1996 1016 2071 pollicentibus
1047 1994 1274 2056 auxilia
1301 1997 1623 2071 respondit
1652 1998 1869 2059 consul
1894 1997 2320 2058 Dardanorum

357 2088 420 2141 et
442 2079 706 2139 Pleurati
747 2094 967 2155 opera,
1019 2096 1155 2141 cum
1197 2082 1527 2141 exercitum
1571 2080 1631 2139 in
1674 2081 2099 2142 Macedoniam
2144 2080 2318 2141 indu·

357 2170 552 2238 ceret,
597 2178 670 2223 se
707 2177 998 2235 usui-urm
1049 2164 1453 2240 Amynandro
1493 2166 1753 2225 Aetolos
1798 2165 2196 2225 concitandos
2240 2165 2317 2225 ad

355 2248 582 2308 bellum
623 2248 907 2309 attribuit.
971 2248 1156 2309 Attali
1199 2248 1415 2323 legatis
1434 2282 1522 2293 --
1542 2266 1683 2309 nam
1722 2249 1764 2309 ii
1809 2264 2059 2325 quoque
2104 2264 2219 2323 per
2256 2249 2314 2309 id

356 2340 600 2407 tempus
628 2339 927 2393 venerant
946 2364 1030 2377 --
1050 2333 1315 2406 mandat,
1346 2339 1415 2394 ut
1440 2334 1715 2408 Aeginae
1742 2350 1872 2406 rex,
1903 2333 2006 2393 ubi
2037 2333 2314 2393 hiberna-

353 2416 487 2489 bat,
532 2417 794 2477 classem
823 2417 1160 2476 Romanam
1204 2418 1619 2491 opperiretur,
1667 2436 1788 2493 qua
1830 2420 2115 2478 adiuncta
2154 2416 2309 2479 bell:

355 2499 674 2574 maritimO,
704 2500 867 2559 sicut
893 2506 1050 2572 ante,
1074 2498 1421 2574 Philippum
1448 2508 1709 2574 urgeret.
1756 2504 1834 2561 ad
1855 2502 2133 2562 Rhodios
2166 2517 2308 2575 quo-

359 2597 481 2657 que
509 2582 683 2643 missi
711 2584 911 2658 legati,
943 2591 1008 2643 ut
1039 2590 1442 2656 capesserent
1470 2592 1700 2659 partem
1728 2585 1891 2645 belli.
1949 2600 2063 2644 nee
2092 2584 2307 2660 Philip—

356 2682 476 2741 pus
527 2667 776 2741 segnius
799 2668 1024 2727 ——iam
1077 2667 1237 2726 enim
1278 2667 1338 2726 in
1379 2668 1805 2729 Macedoniam
1832 2677 2311 2746 pervenerat——

358 2750 698 2825 apparabat
729 2750 969 2811 bellum.
1015 2751 1204 2812 filiurn
1226 2749 1471 2827 Persea,
1504 2767 1760 2828 puerum
1784 2754 2129 2828 admodum,
2161 2752 2319 2815 datis·

281 2882 289 2893 .
358 2849 441 2893 ex
463 2834 796 2893 amicorum
820 2850 1071 2894 numero
1099 2837 1202 2909 qui
1225 2842 1484 2896 aetatem
1508 2838 1640 2897 eius
1664 2845 1965 2913 regerent,
1981 2853 2117 2897 cum
2142 2844 2315 2911 parte

335 2917 671 2992 copiarum
713 2918 792 2977 ad
837 2918 1212 2979 obsidendas
1257 2920 1575 2995 angustias
1618 2936 1777 2995 quae
1820 2922 1898 2981 ad
1926 2920 2296 2997 Pelagonian

358 3008 500 3062 sunt
527 3002 720 3063 mittit.
789 3000 1097 3062 Sciathum
1129 3010 1190 3063 et
1215 3002 1647 3079 Peparethum,
1691 3004 1856 3065 haud
1885 3004 2186 3080 ignobiles
2215 3021 2291 3064 ur

354 3084 488 3161 bea
518 3100 599 3145 ne
626 3086 810 3147 classi
839 3086 1106 3147 hostium
1136 3088 1406 3163 praedae
1436 3104 1509 3149 ac
1540 3089 1813 3163 praemio
1845 3095 2073 3163 essent,
2113 3088 2295 3149 diruit

356 3168 437 3229 ad
463 3171 718 3233 Aetolos
761 3172 937 3231 mittit
975 3172 1245 3245 legatoS‚
1288 3188 1367 3231 ne
1408 3187 1559 3246 gens
1597 3172 1871 3245 inquieta
1900 3174 2167 3233 adventu
2195 3174 2309 3232 Ro-

355 3267 672 3313 manorum
700 3254 884 3313 fidem
912 3259 1189 3313 mutaret.

370 3360 376 3365 ·
522 3335 730 3395 XXIX.
777 3336 1112 3398 Concilium
1140 3339 1499 3397 Aetolorum
1528 3344 1687 3398 stata
1716 3338 1847 3413 die,
1894 3338 2059 3413 quod
2086 3338 2307 3398 Panae·

355 3418 567 3479 tolium
597 3427 834 3495 vocant,
866 3420 1134 3481 futurum
1162 3427 1310 3482 erat.
1360 3420 1501 3482 huic
1530 3430 1596 3482 ut
1625 3430 2032 3497 occurrerent,
2065 3427 2125 3481 et
2152 3422 2313 3497 regis
