2548 3950
651 205 880 268 LIBER
905 204 1113 266 xxia
1165 204 1333 267 cAP.
1362 212 1449 268 47.
1474 211 1561 267 48.
1609 212 1682 280 [a.
1711 211 1774 264 c.
1800 208 1928 285 που]
2183 207 2267 270 43

312 362 374 422 in
418 359 800 437 provinciam
847 359 1152 433 venisset,
1203 357 1372 419 haud
1413 359 1569 418 clam
1606 359 1741 419 tulit
1778 358 1928 418 iram
1970 360 2275 424 adversus

311 453 690 522 praetorem,
735 443 905 518 quod
943 443 1202 504 absente
1231 457 1304 502 se
1329 457 1461 502 rem
1488 442 1809 517 gessisset.
1874 443 2066 506 misso
2096 444 2277 520 igitur

311 546 390 591 eo
430 529 493 590 in
527 528 832 589 Etruriam
869 527 1008 602 ipse
1047 527 1111 587 in
1152 543 1367 601 agrum
1405 526 1671 588 hostium
1710 527 1987 602 legiones
2015 527 2275 604 induxit,

311 611 796 689 populandoque
811 656 826 684 ‚
871 625 1008 671 cum
1049 611 1282 687 praeda
1308 612 1541 671 maiore
1569 627 1754 686 quam
1778 611 2005 686 gloria,
2047 613 2275 675 bellum

310 697 526 772 gessit.
567 696 636 755 L.
656 694 897 769 Furius,
925 695 1107 756 simul
1129 695 1300 769 quod
1329 695 1390 754 in
1413 695 1653 756 Etruria
1671 694 1817 755 nihil
1840 701 1974 756 erat
1990 696 2081 756 rei
2106 697 2277 772 quod

311 788 580 856 gereret,
616 779 799 843 simul
828 778 1059 840 Gallico
1087 777 1394 854 triumpho
1423 779 1775 854 imminenS,
1805 795 1989 855 quem
2018 780 2276 842 absente

311 867 568 927 consule
621 863 778 924 irato
827 869 1015 937 atque
1067 861 1379 922 invidente
1433 863 1674 923 facilius
1720 862 2031 938 impetrari
2080 881 2277 940 posse

306 957 508 1020 ratuS,
547 948 806 1008 Romam
845 946 1160 1022 inopinato
1200 961 1340 1006 cum
1375 945 1682 1020 venisset,
1719 953 2001 1007 senatum
2025 947 2089 1007 in
2118 950 2277 1010 aede

305 1033 602 1092 Bellonae
620 1031 866 1100 habuit3
895 1030 1325 1106 expositisque
1343 1028 1533 1092 rebus
1555 1029 1767 1104 gestis,
1790 1037 1859 1090 ut
1879 1031 2275 1107 triumphanti

309 1116 426 1177 sibi
455 1117 517 1176 in
546 1115 762 1176 urbem
794 1114 1002 1174 invehi
1027 1115 1254 1188 liceret,
1287 1115 1456 1190 petit.
1498 1113 1761 1174 XLVIII.
1796 1116 1962 1190 apud
1990 1131 2273 1192 magnam

306 1206 544 1275 partem
587 1207 838 1260 senatus
880 1206 943 1260 et
957 1252 962 1256 .
977 1198 1393 1274 magnitudine
1431 1213 1637 1258 rerum
1676 1207 1991 1274 gestarum
2023 1201 2269 1262 valebat

309 1290 373 1344 et
411 1283 623 1358 gratia.
675 1283 960 1344 maiores
1013 1290 1161 1343 natu
1207 1281 1516 1356 negabant
1552 1281 1953 1357 triumphum,
2003 1291 2064 1344 et
2104 1284 2272 1360 quod

305 1368 506 1429 alieno
547 1367 821 1428 exercitu
859 1382 991 1427 rem
1023 1367 1357 1442 gessisset,
1400 1372 1462 1426 et
1504 1365 1675 1440 quod
1710 1366 2091 1440 provinciam
2131 1369 2269 1428 reli·

305 1451 547 1530 quisset
586 1451 916 1528 cupiditate
952 1450 1233 1526 rapiendi
1274 1464 1390 1524 per
1428 1449 1819 1511 occasionem
1846 1448 2161 1526 triumphi:
2206 1451 2270 1512 id

301 1552 454 1599 vero
503 1552 642 1597 eum
688 1535 855 1596 nullo
896 1534 1180 1609 exemplo
1224 1533 1467 1594 fecisse.
1534 1535 1893 1594 consulares
1934 1535 2271 1611 praecipue

304 1619 793 1696 exspectandum
821 1618 1018 1680 fuisse
1047 1619 1366 1680 consulem
1394 1617 1760 1678 censebant:
1804 1617 2085 1693 potuisse
2107 1621 2271 1680 enim

303 1705 524 1766 castris
567 1718 764 1780 prope
803 1703 1020 1764 urbem
1061 1701 1280 1780 positis
1318 1702 1566 1762 tutanda
1606 1702 1849 1764 colonia
1887 1703 2000 1777 ita,
2041 1712 2111 1765 ut
2135 1703 2270 1764 acie

302 1803 426 1849 non
458 1787 835 1861 decerneret,
865 1785 927 1847 in
955 1787 1285 1849 adventum
1314 1786 1449 1846 eius
1477 1801 1607 1846 rem
1628 1785 1970 1846 extrahere.
2018 1794 2078 1847 et
2100 1787 2271 1862 quod

302 1881 554 1948 praetor
580 1887 705 1932 non
734 1871 1002 1945 fecisset,
1037 1869 1279 1932 senatui
1307 1869 1652 1931 faciendum
1676 1885 1838 1942 esse,
1867 1877 1934 1930 ut
1953 1873 2267 1932 consulem

303 1962 726 2033 exspectaret:
790 1955 897 2017 ubi
939 1971 1144 2017 coram
1185 1953 1587 2031 disceptantis
1630 1955 1945 2016 consulem
1990 1961 2052 2015 et
2090 1971 2241 2031 prae

306 2056 502 2104 torem
555 2040 906 2113 audissent,
956 2040 1166 2101 verius
1219 2040 1300 2100 de
1346 2054 1537 2101 causa
1593 2038 2049 2102 existimaturos
2100 2055 2263 2101 esse.

303 2141 527 2201 magna
553 2141 701 2200 pars
731 2131 984 2186 senatus
1014 2124 1162 2185 nihil
1193 2131 1437 2199 praeter
1461 2139 1565 2184 res
1593 2132 1824 2198 gestaS‚
1855 2133 1917 2185 et
1943 2140 2023 2184 an
2049 2124 2112 2185 in
2138 2140 2265 2183 ma-

303 2212 562 2285 gistratu
600 2209 861 2285 suisque
901 2207 1196 2285 auspiciis
1234 2209 1567 2282 gessisset,
1612 2207 1945 2267 censebant
1984 2213 2270 2283 spectare

303 2301 584 2354 senatum
613 2292 858 2353 debere.
915 2309 997 2354 ex
1025 2291 1270 2353 duabus
1300 2289 1578 2364 coloniiS,
1621 2305 1781 2364 quae
1807 2291 1976 2351 velut
2002 2292 2269 2351 claustra

303 2378 383 2437 ad
416 2375 801 2438 cohibendos
833 2376 1101 2437 Gallicos
1129 2376 1425 2435 tumultus
1454 2374 1781 2449 oppositae
1808 2372 2099 2449 fuissent,
2128 2390 2269 2435 cum

300 2478 422 2522 una
453 2460 694 2537 direpta
720 2468 780 2522 et
807 2462 1063 2522 incensa
1079 2466 1268 2529 esset,
1300 2460 1815 2533 traiecturumque
1836 2457 1899 2519 id
1920 2458 2267 2521 incendium

301 2547 467 2610 velut
505 2560 586 2605 ex
627 2544 1079 2607 continentibus
1117 2544 1294 2605 tectis
1334 2543 1395 2604 in
1427 2544 1677 2605 alteram
1703 2550 1827 2604 tam
1853 2543 2263 2619 propinquam

301 2630 606 2691 coloniam
651 2637 848 2701 esset,
894 2629 1043 2703 quid
1082 2627 1332 2688 tandem
1360 2628 1627 2703 praetori
1655 2627 2003 2688 faciendum
2031 2628 2267 2689 fuisse?

301 2730 440 2774 nam
484 2713 539 2775 si
580 2712 715 2773 sine
757 2713 1012 2773 consule
1058 2712 1188 2787 geri
1233 2711 1380 2772 nihil
1421 2712 1789 2788 oportuerit,
1842 2720 1948 2772 aut
1986 2719 2266 2773 senatum

301 2812 624 2873 peccasse,
649 2798 753 2871 qui
777 2796 1110 2857 exercitum
1131 2798 1399 2872 praetori
1426 2796 1664 2860 dederit
1684 2829 1761 2841 —
1786 2796 2063 2871 potuisse
2086 2796 2264 2871 enim,

301 2880 357 2942 si
385 2898 510 2955 non
549 2881 854 2957 praetoris
895 2880 1012 2941 sed
1053 2879 1327 2942 consulis
1369 2878 1643 2943 exercitu
1672 2896 1802 2941 rem
1830 2882 1962 2956 geri
1985 2879 2263 2951 voluerit,

301 2964 386 3025 ita
424 2965 603 3025 finire
643 2970 898 3026 senatus
941 2966 1319 3039 consultum,
1361 2980 1442 3025 ne
1480 2980 1595 3040 per
1635 2971 1979 3041 praetorem
2008 2965 2123 3023 sed
2151 2979 2265 3038 per

303 3051 620 3111 consulem
645 3055 960 3123 gereretur
977 3082 1094 3124 -—,
1126 3056 1233 3110 aut
1259 3050 1594 3121 consulem,
1627 3048 1732 3124 qui
1753 3064 1895 3122 non,
1926 3063 2065 3109 cum
2088 3062 2264 3107 exer-

297 3132 485 3193 citum
531 3148 612 3193 ex
635 3131 879 3193 Etruria
917 3133 1179 3193 transire
1218 3134 1281 3191 in
1312 3132 1566 3194 Galliam
1600 3131 1918 3205 iussisset,
1961 3130 2099 3207 ipse
2126 3130 2261 3189 Ari·

297 3216 445 3276 mini
489 3216 851 3291 occurrerit,
892 3224 962 3277 ut
995 3217 1158 3277 bello
1188 3218 1514 3277 interesset
1541 3213 1712 3290 quod
1740 3215 1877 3275 sine
1904 3230 1980 3276 eo
2008 3214 2139 3290 geri
2167 3214 2262 3275 fas

299 3316 423 3363 non
465 3309 654 3362 esset.
705 3318 829 3363 non
872 3306 1237 3376 exspectare
1276 3299 1418 3360 belli
1457 3306 1736 3375 tempora
1774 3314 1981 3360 moras
2022 3305 2085 3359 et
2112 3297 2261 3359 dila-

297 3383 499 3448 tiones
549 3384 1016 3462 imperatorum,
1067 3391 1129 3445 et
1165 3384 1564 3459 pugnandum
1612 3398 1757 3445 esse
1796 3383 2097 3448 interdum
2135 3398 2262 3443 non

299 3468 444 3544 quia
479 3468 672 3545 veliS,
714 3470 830 3530 sed
859 3470 1002 3545 quia
1038 3468 1234 3529 hostis
1280 3474 1483 3543 cogat.
1553 3484 1822 3545 pugnam
1849 3469 2049 3546 ipsam
2076 3481 2261 3529 even-
