2548 3950
343 182 469 246 280
602 181 830 243 LIBER
860 176 1153 239 XXXVII.
1200 179 1365 239 CAP.
1397 190 1484 241 21.
1510 190 1598 241 22.
1644 188 1718 255 [a.
1745 187 2040 255 masaa]

342 336 500 395 inter
530 346 598 393 se
628 331 905 407 partibus
938 345 1076 391 cum
1106 336 1564 408 oppugnarent,
1596 336 1655 389 et
1681 330 1961 391 viderent
1991 333 2128 391 sine
2159 340 2326 411 ope-

342 418 533 491 ribuS,
572 415 755 475 armis
788 414 1100 489 scalisque
1126 413 1265 488 capi
1295 413 1419 473 n'on
1449 428 1660 488 posse,
1699 414 1954 473 missum
1983 416 2064 475 ab
2091 417 2330 479 Antio-

322 502 459 562 vcho
508 496 881 575 praesidium
927 498 1103 558 trium
1144 496 1372 556 milium
1425 502 1796 557 armatorum
1833 513 1974 559 cum
2015 496 2326 561 intrasset

346 584 573 657 urbem,
606 583 915 657 extemplo
944 580 1404 656 oppugnatione
1433 579 1666 641 omissa
1695 580 1916 643 classis
1939 580 2019 641 ad
2041 582 2326 645 insulam

344 681 414 728 se
454 666 714 742 recepit,
756 664 903 725 nihil
946 664 1111 725 aliud
1141 678 1322 738 quam
1352 663 1727 739 depopulato
1761 664 1924 724 circa
1951 665 2170 725 urbem
2199 667 2321 729 ho-

343 752 521 813 stium
554 764 722 824 agro.
786 747 967 808 XXII.
1022 749 1165 808 inde
1194 746 1422 824 placuit
1447 746 1780 809 Eumenem
1810 750 2056 810 domum
2089 750 2326 812 dimitti

342 842 404 895 et
433 847 804 909 praeparare
848 830 1087 893 consuli
1124 837 1307 905 atque
1348 831 1644 891 exercitui
1689 848 1848 908 quae
1874 833 1956 892 ad
1985 835 2316 895 transitum

341 917 723 994 Hellesponti
752 931 909 992 opus
938 920 1176 989 essent,
1215 916 1555 975 Romanam
1581 914 2010 991 Rhodiamque
2039 918 2314 979 classem

342 1002 543 1062 redire
573 1000 839 1074 Samum,
881 1006 1066 1073 atque
1095 998 1177 1059 ibi
1206 999 1266 1059 in
1299 998 1562 1059 statione
1591 1014 1752 1073 esse,
1785 1014 1863 1061 ne
1886 999 2313 1078 Polyxenidas

344 1086 419 1145 ab
448 1084 699 1159 Epheso
740 1090 1031 1145 moveret.
1092 1098 1204 1142 rex
1230 1082 1508 1155 Elaeam,
1551 1084 1808 1145 Romani
1837 1099 1912 1145 ac
1938 1081 2162 1144 Rhodii
2197 1085 2312 1146 Sa-

351 1184 514 1229 mum
540 1169 869 1230 rcdierunt.
922 1166 1003 1226 ibi
1032 1165 1112 1225 Μ.
1138 1165 1436 1227 Aemilius
1467 1168 1652 1227 frater
1682 1165 1986 1244 praetoris
2015 1169 2312 1229 decessit.

348 1253 571 1315 Rhodii
594 1249 914 1312 celebratis
940 1249 1598 1325 exsequiiS„adversus
1623 1253 1907 1325 classem,
1937 1267 2120 1326 quam
2142 1252 2314 1312 fama

347 1343 477 1398 erat
516 1351 595 1396 ex
626 1334 809 1414 Syria
847 1335 1087 1409 venire,
1129 1332 1425 1395 tredecim
1464 1334 1594 1395 suis
1635 1332 1896 1397 navibus
1939 1343 1999 1396 et
2026 1351 2151 1396 una
2180 1334 2316 1396 Coa

348 1419 798 1498 quinqueremi,
842 1419 1033 1479 altera
1073 1416 1318 1491 Cnidia,
1358 1418 1670 1492 Rhodum,
1713 1425 1781 1479 ut
1821 1418 1906 1479 ibi
1944 1418 2004 1477 in
2043 1420 2315 1481 statione

345 1512 585 1578 essent,
644 1501 901 1580 profecti
942 1508 1111 1574 sunt.
1180 1499 1373 1565 biduo
1424 1508 1754 1577 antequam
1803 1501 2120 1564 Eudamus
2167 1518 2310 1564 cum

346 1591 547 1649 classe
586 1588 664 1647 ab
708 1585 893 1646 Samo
935 1586 1198 1658 veniret,
1247 1586 1538 1647 tredecim
1569 1585 1646 1645 ab
1673 1586 1895 1648 Rhodo
1942 1584 2136 1648 naves
2167 1602 2312 1647 cum

346 1669 722 1745 Pamphilida
748 1670 1061 1745 praesecto
1090 1669 1393 1730 adversus
1417 1669 1674 1729 eandem
1701 1668 2020 1747 Syriacam
2041 1672 2310 1731 classem

344 1754 587 1825 missae,
617 1752 955 1827 adsumptis
978 1751 1239 1813 navibus
1264 1758 1550 1829 quattuor
1574 1766 1735 1830 quae
1757 1751 1970 1813 Cariae
1990 1752 2312 1829 praesidio

346 1844 534 1910 erant,
578 1834 1078 1911 oppugnantibus
1113 1836 1300 1911 regiis
1328 1837 1603 1897 Daedala
1629 1841 1690 1898 et
1718 1838 2019 1911 quaedam
2049 1838 2168 1897 alia
2196 1836 2310 1897 Pe-

347 1935 531 1982 raeae
562 1922 811 1982 castella
840 1918 1165 1981 obsidio-ne
1194 1928 1570 1982 exemerunt.
1611 1921 1951 1983 Eudamum
1981 1920 2311 1985 confestim

346 2007 516 2066 exire
558 2005 801 2080 placuit.
868 2003 1113 2065 additae
1141 2004 1282 2065 huic
1314 2021 1566 2082 quoque
1595 2006 1847 2068 suntad
1868 2013 2012 2066 ‘eam
2043 2007 2312 2066 classem

236 2086 241 2092 ⁴
348 2105 530 2164 quam
559 2088 824 2149 habebat
852 2103 960 2148 sex
994 2095 1243 2166 apertae
1270 2104 1480 2150 naves.
1553 2091 1868 2166 profectus
1900 2105 2070 2163 cum,
2115 2105 2308 2164 quan-

348 2181 471 2232 tum
504 2174 850 2232 accelerare
876 2178 1135 2248 poterat,
1165 2179 1551 2248 maturasset,
1581 2174 1662 2234 ad
1683 2179 1942 2249 portum,
1973 2189 2158 2249 quem
2177 2172 2310 2232 Me·

346 2255 542 2330 gisten
572 2262 813 2329 vocant,
846 2271 1251 2333 praegressos
1286 2258 1701 2333 consequitur.
1742 2256 1890 2317 inde
1919 2273 2043 2318 uno
2067 2257 2316 2331 agmine

346 2339 727 2400 Phaselidem
758 2355 897 2400 eum
922 2341 1256 2414 venissent,
1291 2341 1584 2416 optimum
1605 2340 1804 2402 visum
1837 2348 1930 2401 est
1958 2340 2040 2401 ibi
2066 2339 2316 2400 hostem

349 2423 637 2498 opperiri.
706 2424 915 2484 XXIII.
961 2425 1023 2483 in
1065 2425 1330 2485 confinio
1371 2425 1599 2502 Lyciae
1643 2432 1706 2485 et
1729 2423 2128 2502 Pamphyliae
2153 2421 2313 2484 Pha-

348 2507 492 2567 selis
524 2514 649 2567 est=
684 2507 983 2584 prominet
1007 2509 1247 2584 penitus
1271 2509 1332 2568 in
1358 2509 1560 2582 altum,
1587 2508 2088 2584 conspiciturque
2113 2507 2316 2583 prima

349 2597 638 2652 terrarum
669 2591 955 2652 Rhodum
982 2609 1019 2652 a
1050 2593 1253 2652 Cilicia
1297 2591 1674 2668 petentibuS,
1718 2598 1778 2652 et
1817 2592 2032 2668 procul
2061 2590 2315 2650 navium

344 2673 600 2749 praebet
636 2683 1050 2750 prospectum.
1114 2692 1191 2736 eo
1231 2675 1524 2749 maxime,
1571 2685 1634 2736 ut
1667 2677 1730 2735 in
1764 2676 1947 2738 obvio
1981 2672 2169 2736 classi
2197 2673 2315 2734 ho—

348 2759 529 2816 stium
556 2765 785 2830 essent,
818 2759 1049 2819 electus
1080 2759 1255 2820 locus
1286 2765 1400 2818 est.
1468 2767 1767 2833 ceterum,
1812 2760 1980 2835 quod
2007 2773 2132 2818 non
2163 2772 2316 2833 pro-

347 2841 658 2914 viderunt,
702 2850 763 2902 et
802 2843 940 2901 loco
984 2841 1156 2916 gravi
1184 2849 1245 2902 et
1277 2849 1550 2916 tempore
1579 2843 1721 2902 anni
1741 2875 1828 2886 —-
1849 2843 2116 2902 medium
2145 2840 2318 2902 enim

348 2924 599 2985 aestatis
650 2932 913 2999 erat—,
966 2925 1045 2984 ad
1085 2925 1205 2986 hoc
1246 2924 1491 2986 insolito
1539 2927 1732 2988 odore
1786 2926 2070 3002 ingruere
2109 2925 2314 2985 morbi

344 3010 549 3084 vulgo,
582 3009 842 3069 maxime
871 3010 931 3069 in
960 3009 1255 3084 remiges,
1289 3018 1645 3086 coeperunt.
1720 3011 1893 3070 cuius
1925 3009 2313 3086 pestilentiae

346 3100 511 3154 metu
542 3092 796 3168 profecti
826 3107 965 3155 cum
995 3093 1606 3170 praeterveherentur
1630 3092 2056 3171 Pamphylium
2087 3093 2310 3165 sinum,

346 3177 425 3236 ad
478 3176 995 3254 Eurymedontem
1053 3193 1294 3238 amnem
1343 3179 1608 3253 appulsa
1665 3177 1869 3236 classe
1925 3175 2182 3236 audiunt
2232 3177 2312 3235 ab

344 3260 683 3334 Aspendiis
698 3260 778 3320 ad
794 3258 1004 3320 Sidam
1025 3261 1221 3322 hostis
1247 3276 1410 3322 esse.
1440 3261 1674 3322 tardius
1699 3260 2139 3334 navigaverant
2156 3259 2312 3332 regii

348 3341 611 3403 adverso
654 3343 1328 3418 tempore‘Etesiarum,
1382 3344 1551 3420 quod
1578 3346 1744 3404 velut
1771 3349 1994 3405 statum
2021 3342 2311 3403 Favoniis

354 3422 554 3482 ventis
606 3429 719 3486 est.
778 3424 1157 3488 Rhodiorum
1200 3427 1360 3488 duae
1401 3435 1462 3488 et
1500 3427 1742 3503 triginta
1784 3425 2206 3504 quadriremes
2249 3433 2311 3486 et
