2548 3950
556 232 787 291 LIBER
814 230 1109 293 xxxvn.
1156 228 1322 289 CAP.
1353 238 1438 291 50.
1463 239 1550 291 51.
1580 237 1652 303 [a.
1677 236 1742 288 c.
1771 232 1892 307 189]
2074 232 2198 293 305

236 392 373 447 erat
412 384 472 445 in
498 382 742 445 Aetolia
772 390 869 443 est
896 381 1209 454 decretus,
1254 387 1316 440 et
1343 387 1410 441 ut
1437 380 1496 441 in
1529 383 2021 456 supplementum
2051 384 2199 442 scri·

238 470 415 529 beret
452 467 821 542 permissum
864 464 1087 525 civium
1126 464 1565 539 sociorumque
1593 467 1858 526 eundem
1886 481 2201 528 numerum

240 568 429 629 quem
468 552 723 623 collega.
788 563 979 609 naves
1022 562 1273 623 quoque
1315 547 1478 611 idem
1518 549 1768 623 consul,
1786 565 1972 625 ⁵quae
1997 550 2202 625 priore
2264 608 2265 611 ,

234 651 403 697 anno
438 640 687 709 paratae
718 639 917 706 erant,
948 640 1171 692 ornare
1200 632 1411 692 iussus
1441 649 1516 693 ac
1545 632 1772 693 ducere
1803 648 2046 703 secum;
2088 648 2204 693 nec

238 735 382 781 cum
407 717 645 779 Aetolis
672 717 874 777 solum
900 716 1126 775 bellum
1154 729 1400 789 gerere,
1442 716 1561 777 sed
1589 716 1770 777 etiam
1796 715 1856 775 in
1889 716 2202 792 Cephalle-

240 803 403 865 niam
431 800 695 863 insulam
721 799 996 861 traicere.
1058 798 1411 860 mandatum
1439 800 1668 875 eidem,
1697 806 1782 875 ut,
1811 800 1866 861 si
1897 816 2012 876 per
2039 816 2204 860 com-

240 886 492 949 modum
520 884 611 943 rei
640 882 923 959 publicae
952 882 1158 943 facere
1184 890 1433 958 posset,
1468 889 1538 943 ut
1565 884 1645 943 ad
1675 884 1920 945 comitia
1945 885 2201 945 Romam

240 969 507 1031 veniret=
550 983 691 1029 nam
718 972 1148 1044 praeterquam
1172 967 1344 1042 quod
1367 967 1755 1041 magistratus
1781 966 1966 1027 annui
1988 968 2203 1028 subro-

242 1052 428 1131 gandi
456 1057 685 1127 essent,
715 1066 1010 1114 censores
1042 1066 1292 1127 quoque
1318 1052 1566 1125 placere
1597 1051 1810 1112 creari.
1869 1052 1923 1111 si
1953 1066 2076 1127 qua
2103 1066 2205 1110 res

246 1153 387 1197 eum
416 1142 669 1210 teneret,
700 1142 982 1199 senatum
1010 1135 1333 1197 certiorem
1361 1136 1590 1195 faceret
1615 1150 1688 1195 se
1717 1135 1798 1195 ad
1828 1135 2206 1195 comitiorum
2311 1180 2316 1193 .

244 1227 491 1295 tempus
523 1234 849 1281 occurrere
876 1235 1001 1279 non
1029 1234 1243 1294 posse.
1285 1218 1530 1279 Aetolia
1556 1218 1636 1278 M.
1658 1217 1896 1294 Fulvio,
1923 1219 2076 1279 Asia
2101 1218 2204 1279 Cn.

236 1302 474 1364 Manlio
516 1308 684 1363 sorte
725 1302 945 1363 evenit.
1015 1309 1334 1375 praetores
1377 1301 1600 1364 deinde
1643 1302 1842 1363 sortiti
1881 1310 2054 1377 sunt,
2095 1297 2206 1377 Sp.

244 1386 598 1449 Postumius
624 1384 887 1448 Albinus
916 1384 1210 1447 urbanam
1240 1391 1304 1446 et
1329 1385 1482 1444 inter
1513 1386 1892 1460 peregrinoS,
1922 1386 2004 1445 M.
2037 1385 2201 1445 Sem—

248 1470 505 1547 pronius
533 1468 868 1529 Tuditanus
899 1466 1195 1540 Siciliam,
1229 1466 1296 1541 Q.
1331 1466 1558 1528 Fabius
1583 1467 1786 1528 Pictor
1813 1466 2038 1527 flamen
2069 1466 2206 1541 Qui·

246 1552 460 1616 riualis
490 1550 863 1626 Sardiniam,
907 1550 975 1625 Q.
1004 1550 1233 1613 Fabius
1260 1550 1468 1611 Labeo
1510 1553 1802 1621 classem,
1845 1552 1912 1611 L.
1939 1551 2208 1611 Plautius

246 1640 585 1716 Hypsaeus
612 1633 974 1709 Hispaniam
1004 1633 1364 1707 citeriorem,
1392 1634 1457 1693 L.
1479 1634 1746 1695 Baebius
1769 1634 1958 1695 Dives
1986 1634 2207 1711 Hispa·

248 1722 414 1801 niam
441 1717 812 1779 ulteriorem.
878 1716 1121 1777 Siciliae
1148 1716 1310 1792 legio
1341 1734 1464 1779 una
1492 1726 1556 1779 et
1581 1716 1820 1793 classiS,
1857 1719 2106 1796 quaein
2136 1734 2210 1779 ea

252 1802 571 1880 provincia
598 1808 745 1875 erat,
776 1801 1053 1873 decreta3
1097 1808 1159 1863 et
1184 1808 1253 1863 ut
1283 1801 1436 1863 duas
1470 1802 1762 1865 decumas
1793 1803 2080 1864 frumenti
2100 1820 2212 1863 no-

248 1904 367 1949 vus
408 1892 656 1962 praetor
696 1884 1026 1961 imperaret
1068 1884 1572 1959 SiculiS,ea1-um
1610 1889 1902 1947 alteram
1887 1905 1948 1947 in
1975 1887 2210 1961 Asiam,

252 1974 503 2034 alteram
529 1970 592 2030 in
621 1970 927 2032 Aetoliam
954 1968 1230 2031 mitteret.
1272 1968 1440 2032 idem
1470 1970 1548 2030 ab
1569 1970 1783 2031 Sardis
1815 1971 1996 2046 exigi,
2027 1978 2212 2054 atque

256 2057 335 2116 ad
363 2055 619 2118 eosdem
648 2052 955 2114 exercitus
984 2053 1049 2113 id
1078 2053 1459 2127 frumentum,
1491 2055 1572 2114 ad
1602 2069 1760 2130 quos
1785 2053 2074 2130 Siculum,
2105 2044 2210 2114 de-

252 2138 485 2214 portari
523 2139 782 2200 iussum.
847 2136 915 2198 L
944 2135 1175 2198 Baebio
1219 2137 1712 2213 supplementum
1752 2138 1814 2198 in
1853 2139 2211 2214 Hispaniam

252 2225 464 2284 datum
488 2219 652 2282 mille
672 2220 935 2282 Romani
955 2219 1217 2295 pedites,
1249 2220 1490 2296 equites
1522 2221 1980 2296 quinquaginta,
2011 2229 2073 2282 et
2097 2237 2211 2284 sex

251 2305 418 2366 milia
454 2304 729 2380 peditum
766 2303 963 2378 Latini
1012 2303 1278 2366 nominis
1295 2349 1310 2377 ‚
1359 2304 1606 2366 ducenti
1645 2303 1905 2379 equites.
1974 2304 2208 2365 Plautio
2265 2337 2270 2342 ·

246 2391 551 2467 Hypsaeo
591 2388 654 2448 in
680 2387 1041 2463 Hispaniam
1073 2387 1415 2449 citeriorem
1441 2386 1609 2448 mille
1629 2388 1888 2449 Romani
1917 2387 2042 2448 dati
2071 2396 2214 2450 sunt

251 2473 525 2550 pediteS‚
558 2472 682 2532 duo
711 2471 875 2530 milia
904 2470 1140 2532 socium
1164 2471 1363 2532 Latini
1391 2471 1651 2534 nominis
1682 2478 1742 2533 et
1769 2472 2012 2533 ducenti
2041 2472 2210 2548 equi-

252 2566 383 2625 tes;
424 2570 565 2615 cum
603 2554 703 2615 his
744 2554 1189 2630 supplementis
1218 2560 1288 2614 ut
1313 2555 1586 2630 singulas
1615 2556 1892 2630 leg-iones
1923 2557 2082 2616 duae
2107 2556 2211 2616 Hi-

255 2638 515 2721 spaniae
553 2637 872 2701 haberent.
936 2636 1163 2712 prioris
1202 2638 1346 2698 anni
1383 2639 1834 2714 magistratibus
1851 2685 1866 2712 ,
1911 2639 1974 2700 C.
2004 2639 2212 2700 Laelio

252 2739 396 2786 cum
444 2737 561 2784 suo
610 2721 883 2784 exercitu
921 2728 1316 2797 prorogatum
1359 2722 1418 2784 in
1460 2737 1684 2785 annum
1725 2724 2046 2800 imperium
2086 2731 2212 2794 est;

253 2813 651 2904 prorogatum
680 2813 741 2868 ct
765 2805 831 2864 P.
861 2807 1036 2868 Iunio
1066 2807 1452 2882 propraetori
1479 2807 1540 2868 in
1567 2808 1806 2870 Etruria
1835 2824 1972 2869 cum
2001 2823 2077 2870 eo
2108 2825 2212 2869 ex-

255 2891 464 2964 ercitu,
498 2890 601 2968 qui
628 2889 691 2950 in
718 2891 1039 2966 provincia
1068 2897 1251 2965 esset,
1291 2897 1350 2952 et
1377 2891 1458 2952 M.
1480 2893 1706 2953 Tuceio
1736 2894 2124 3018 propraetori
2153 2894 2211 2953 in

253 2975 501 3036 Bruttiis
530 2982 591 3034 et
617 2975 865 3049 Apulia.

420 3059 514 3120 LI.
555 3057 919 3133 Priusquam
960 3057 1021 3117 in
1063 3060 1417 3132 provincias
1447 3066 1762 3134 praetores
1791 3059 1976 3131 irent,
2023 3061 2213 3120 certa-

192 3166 199 3174 ·
252 3157 393 3202 men
424 3142 577 3200 inter
602 3139 667 3198 Ρ.
696 3141 991 3202 Licinium
1017 3141 1374 3215 pontificem
1413 3141 1743 3202 maximum
1779 3142 1890 3202 fuit
1918 3141 2214 3216 (31.9.Ἑᾶ-

252 3225 422 3284 bium
448 3222 747 3286 Pictorem
788 3221 1093 3284 flaminem
1135 3222 1536 3298 Quirinalem,
1589 3227 1772 3301 quale
1811 3235 2048 3302 patrum
2089 3243 2214 3286 me-

252 3306 450 3370 moria
496 3305 654 3366 inter
699 3306 769 3366 L.
796 3305 1105 3368 Metellum
1144 3313 1206 3369 et
1242 3307 1620 3370 Postumium
1661 3309 1948 3371 Albinum
1998 3311 2212 3372 morat.

254 3391 573 3453 consulem
602 3389 767 3449 illum
798 3404 937 3452 cum
962 3390 1023 3452 C.
1043 3391 1284 3454 Lutatio
1309 3393 1548 3468 collega
1565 3394 1624 3452 in
1649 3393 1917 3454 Siciliam
1948 3394 2028 3456 ad
2058 3395 2210 3454 clas»

254 3491 385 3542 sem
415 3472 907 3553 proficiscentem
936 3475 1017 3534 ad
1058 3488 1239 3538 sacra
1277 3475 1604 3538 retinuerat
1630 3477 1910 3540 Metellus
1939 3477 2215 3554 pontifex

340 3576 391 3617 τ.
425 3575 545 3616 ιινι
577 3572 727 3615 PARS
761 3557 860 3616 lV.
1730 3570 1799 3620 ‘20
