2548 3950
337 222 417 274 20
632 213 862 274 LIBER
882 211 1091 272 xxxi.
1141 209 1306 270 CAP.
1332 216 1417 272 23.
1442 216 1530 270 24.
1564 211 1637 287 [a.
1662 213 1733 270 υ.
1760 231 1809 268 0.
1835 219 1959 281 5521

333 370 638 442 imposita.
713 381 924 425 carcer
963 365 1143 424 etiam
1187 363 1262 422 ab
1292 361 1549 422 Rhodiis
1584 362 1916 436 refractus,
1960 362 2303 440 emissique

335 452 575 526 captivi,
611 465 769 525 quos
791 448 1113 523 Philippus
1143 453 1454 521 tamquam
1480 444 1541 504 in
1570 445 1935 506 tutissimam
1955 447 2301 510 custodiam

335 536 709 594 condiderat.
757 532 973 593 statuis
1004 531 1149 590 inde
1176 530 1343 605 regis
1366 529 1623 589 deiectis
1646 530 2085 606 truncatisque,
2116 532 2299 606 signo

331 617 604 692 receptui
647 619 787 678 dato
835 615 1329 676 conscenderunt
1368 629 1624 687 nave8‚-‹
1648 620 1708 673 et
1745 613 2091 688 Piraeeum,
2131 617 2302 676 unde

335 702 589 776 profecti
631 708 833 774 erant,
875 699 1206 759 redierunt.
1282 697 1507 774 quodsi
1535 697 2302 759 tantum-militumRoma—

335 804 549 844 norum
589 785 839 856 fuisset,
884 791 952 845 ut
986 789 1054 843 et·
1081 782 1319 843 Chalcis
1361 782 1555 842 teucri
1586 788 1647 842 et
1663 799 1797 843 non
1827 783 2031 842 deseri
2062 785 2295 858 praesi‘·

333 872 497 928 dium
527 869 912 930 Athenarum
955 868 1290 942 potuisset,
1342 881 1565 940 magna
1605 873 1707 926 res
1750 865 2054 941 principio
2099 867 2302 927 statim

329 956 489 1026 belli,
517 953 754 1012 Chalcis
785 958 848 1013 et
863 951 1131 1026 Euripus
1155 951 1443 1026 adempta
1463 950 1593 1024 regi
1624 950 1841 1011 forent.
1887 960 2026 1009 nam
2051 957 2304 1010 utterra

329 1038 872 1114 Thermopylarum
910 1035 1229 1108 angustiae
1263 1033 1595 1106 Graeciam,
1636 1034 1719 1092 ita
1746 1033 1897 1092 mari
1929 1035 2147 1094 fretum
2176 1035 2292 1094 Eu·

331 1122 443 1192 ripi
481 1121 719 1179 claudit.
785 1143 790 1147 ·
1717 1143 1723 1152 Δ
2262 1153 2269 1161 ·

497 1203 710 1262 XXIV.
751 1203 1134 1262 Demetriade
1156 1207 1283 1261 tum
1296 1199 1613 1276 Philippus
1639 1207 1785 1261 erat.
1821 1218 1943 1276 quo
1968 1217 2107 1261 cum
2129 1216 2276 1261 esse

333 1290 605 1346 nuntiata
638 1287 848 1346 clades
879 1286 1090 1346 sociae
1118 1284 1322 1358 urbis,
1366 1299 1977 1358 quamquamserum
2007 1284 2301 1345 auxilium

329 1372 585 1444 perditis
629 1376 789 1445 erat,
825 1375 1033 1430 tamen
1079 1384 1238 1445 quae
1267 1368 1553 1444 proxima
1578 1368 1810 1429 auxilio·
1837 1375 1961 1443 est,
2003 1369 2301 1429 ultionem

331 1466 565 1528 petens5
583 1469 720 1514 cum
743 1454 1049 1530 expeditis
1075 1454 1347 1530 quinque
1368 1450 1611 1511 milibus
1636 1452 1909 1527 peditum
1924 1458 1985 1512 et
2005 1453 2298 1512 trecentis

331 1538 640 1610 equitibus
670 1538 979 1612 extemplo
1010 1538 1325 1612 profectus
1350 1551 1538 1597 cursu
1555 1552 1755 1612 prope
1779 1536 2127 1597 Chalcidem
2151 1552 2270 1596 con
2287 1569 2301 1579 ·

329 1622 549 1694 tendit,
592 1619 1069 1697 haudquaquam
1113 1620 1336 1682 dubius
1370 1618 1631 1694 opprimi
1658 1620 1972 1680 Romanos
2002 1635 2213 1695 posse.
2263 1637 2302 1680 a

337 1722 457 1778 qua
487 1705 812 1764 destitutus
841 1719 974 1778 spe,
1007 1719 1123 1763 nec
1155 1704 1485 1778 quicquam
1515 1703 1895 1778 aliud-quam
1919 1704 1999 1764 ad
2022 1705 2300 1764 deforme

335 1788 753 1862 spectaculum
788 1789 1123 1847 ¹semirutae
1157 1803 1230 1847 ac
1259 1788 1546 1848 fumantis
1578 1788 1789 1848 sociae
1823 1789 1993 1848 urbis
2026 1803 2165 1847 cum
2192 1805 2292 1847 ve·

331 1872 545 1946 nisset,
587 1873 803 1950 paucis
833 1873 939 1932 vix
970 1873 1074 1948 qui
1104 1871 1435 1948 sepelirent
1460 1871 1621 1932 bello
1652 1870 2014 1946 absumptos
2044 1872 2298 1944 relictis,

331 1974 529 2030 aeque
555 1955 774 2033 raptim
805 1972 879 2017 ac
905 1963 1175 2032 venerat,
1203 1963 1631 2032 transgressus
1655 1961 1846 2033 ponte
1868 1956 2159 2033 Euripum
2183 1968 2302 2032 per

329 2042 645 2100 Boeotiam
699 2041 996 2103 Athenas·
1025 2042 1219 2116 ducit,
1280 2042 1415 2116 pari
1465 2041 1709 2116 incepto
1767 2040 1934 2102 haud
1956 2081 1960 2085 -
1982 2042 2299 2115 disparem

333 2133 614 2185 eventum
637 2133 810 2187 ratus
839 2141 1312 2202 responsurum·
1356 2133 1418 2186 et
1442 2125 1890 2200 respondisset,
1923 2127 1983 2185 ni
2014 2125 2298 2200 specula-

329 2219 423 2271 tor
449 2245 529 2253 —
553 2211 1058 2273 hemerodromos
1079 2216 1302 2272 vocant
1326 2210 1558 2283 Graeci,
1588 2210 1811 2284 ingens
1836 2210 1935 2269 die
1958 2225 2081 2269 uno
2108 2224 2301 2269 cursu

331 2297 685 2357 emetientes
714 2296 1009 2371 ··spatium
1037 2329 1122 2339 —
1153 2293 1597 2370 contemplatus
1652 2294 1890 2369 regium
1947 2306 2163 2367 agmen
2215 2293 2297 2352 ex

331 2381 586 2451 specula
629 2380 925 2454 quadam,
963 2395 1380 2455 praegressus
1405 2386 1586 2439 nocte
1615 2376 2131 2438 media-Athenas·
2153 2390 2297 2452 per-

331 2463 620 2521 venisset.
684 2464 849 2521 idem
889 2462 973 2522 ibi
1015 2478 1270 2523 somnus
1318 2462 1665 2537 eademque
1715 2461 2100 2536 neglegentia
2130 2469 2295 2535 erat,

331 2561 487 2617 quae
531 2544 877 2605 Chalcidem
927 2546 1060 2604 dies
1116 2553 1257 2605 ante
1309 2560 1545 2619 paucos
1604 2546 1981 2621 prodiderat.
2048 2544 2293 2604 excitati

329 2630 539 2689 nuntio
565 2628 804 2704 trepido
830 2634 890 2687 et
909 2636 1159 2703 praetor
1179 2627 1646 2690 Atheniensium
1669 2630 2090 2706 etDioxippus
2112 2643 2295 2703 prae·

331 2715 523 2771 fectus
569 2710 836 2773 cohortis
880 2714 1163 2773 mercede
1204 2713 1583 2774 militantium
1616 2715 2012 2787 auxiliorum,
2060 2728 2295 2774 convo-

331 2799 478 2853 catis
513 2797 573 2853 in
616 2796 816 2855 forum
845 2795 1133 2859 militibus
1173 2796 1323 2858 tuba
1350 2798 1590 2872 signum
1623 2814 1702 2858 ex
1731 2814 1873 2860 arce
1903 2798 2035 2859 dari
2064 2796 2295 2872 iubent,

329 2887 391 2935 ut
423 2879 618 2939 hostis
649 2880 876 2940 adesse
906 2895 1122 2941 omnes
1150 2882 1397 2943 scirent.
1441 2883 1523 2943 ita
1544 2882 1821 2959 undique
1843 2884 1925 2943 ad
1949 2882 2307 2957 portas,··ad·

331 2981 535 3023 muros
563 2964 927 3025 discurrunt.
973 2981 1208 3039 paucas
1234 2972 1381 3041 post
1400 2966 1588 3027 horas
1610 2966 1951 3044 Philippus»,
1976 2967 2293 3042 aliquanto

331 3061 525 3105 tannen
557 3054 696 3108 ante
717 3051 954 3122 lucem,
993 3052 1504 3126 appropinquans
1533 3051 1700 3124 urbi,
1734 3052 2085 3127 conspectis
2116 3049 2293 3109 lumi-

329 3131 503 3190 nibus
551 3133 780 3194 crebris
825 3140 888 3193 et
905 3133 1168 3195 ·fremitu
1194 3134 1509 3196 hominum
1536 3136 1971 3211 trepidantium
1997 3140 2069 3195 ut
2095 3134 2158 3193 in
2184 3133 2294 3193 tali

329 3219 578 3275 tumultu
629 3216 920 3277 exaudito
965 3218 1254 3279 sustinuit
1296 3219 1503 3294 signa,
1554 3226 1616 3279 et
1654 3220 1983 3281 considere
2028 3234 2102 3279 ac
2140 3232 2292 3290 cou-

329 3301 644 3367 quiescere
673 3315 890 3373 agmen
923 3302 1117 3377 iussit,
1147 3304 1208 3361 vi
1230 3310 1443 3378 aperta
1472 3305 1792 3379 propalam
1814 3315 2313 3377 usurua,·quan->

329 3383 405 3437 do
443 3398 654 3451 parum
685 3383 866 3443 dolus
896 3385 1227 3458 profuerat.
1286 3387 1363 3446 ab
1392 3387 1617 3465 Dipylo
1648 3388 1931 3455 accessit.
1986 3394 2165 3461 porta
2194 3399 2291 3461 ea,

329 3467 487 3521 velut
531 3467 586 3521 in
628 3466 946 3526 ore-urbis
992 3470 1224 3542 posita,
1267 3470 1463 3529 maior
1502 3471 1816 3546 aliquanto
1858 3470 2294 3547 patentiorque
