2548 3950
383 222 468 284 34
690 220 922 282 LlBER
941 219 1150 279 XXXI.
1198 217 1365 278 CAP-
1389 223 1477 280 38.
1500 224 1589 279 39.
1638 222 1709 292 [a.
1734 221 1802 273 U.
1826 237 1873 272 c.
1900 220 2025 287 552]

380 377 608 436 ducere
639 373 960 433 debuisset
1003 387 1120 432 nee
1149 372 1309 433 enim
1332 387 1659 432 mansuros
1690 369 1774 432 ita
1794 371 2119 448 perculsos
2142 371 2343 432 hostis

381 458 596 530 fu1sse,
630 456 1046 532 debellarique
1073 461 1379 516 momento
1408 453 1705 529 temporis
1736 453 2038 529 potuisse.
2082 455 2146 514 id
2176 455 2345 516 dictu

385 557 569 616 quam
595 556 683 614 re,
713 546 780 600 ut
808 541 1120 615 pleraque,
1151 538 1390 599 facilius
1420 545 1570 600 erat.
1614 554 1757 597 nam
1784 538 1839 597 si
1862 538 2144 598 omnibus
2168 539 2343 614 pedi-

379 633 508 686 tum
549 640 799 699 quoque
834 624 1030 698 copiis
1062 636 1437 696 congressus
1465 636 1578 681 rex
1607 621 1855 694 fuisset,
1899 622 2158 682 forsitan
2187 622 2345 682 inter

379 710 728 780 tumultum,
770 722 906 768 eum
950 721 1166 767 omnes
1205 704 1351 765 victi
1379 713 1669 780 metuque
1698 705 1965 779 perculsi
1996 721 2077 765 ex
2101 707 2341 776 proelio

375 793 537 854 intra
588 792 812 850 vallum
868 789 1145 866 protinus
1203 789 1346 849 inde
1402 789 1918 864 supervadentem
1972 787 2340 850 munimenta

378 875 674 935 victorem
700 875 940 934 hostem
977 875 1272 948 fugerent,
1304 872 1447 933 exui
1478 873 1695 934 castris
1723 873 1989 946 potuerit
2013 887 2146 932 rex.
2202 889 2339 934 cum

377 975 528 1021 vero
568 957 840 1034 integrae
882 957 1098 1032 copiae
1127 957 1401 1031 peditum
1431 957 1491 1015 in
1524 957 1741 1016 castris
1770 957 2173 1030 mansissent,
2219 963 2341 1016 sta-

379 1044 577 1103 tiones
628 1048 767 1102 ante
813 1049 1026 1116 portas
1080 1040 1516 1116 praesidiaque
1556 1039 1863 1114 disposita
1900 1046 2139 1114 essent,
2194 1039 2338 1114 quid

378 1125 498 1186 nisi
527 1133 593 1186 ut
619 1125 1015 1186 temeritatem
1053 1122 1220 1198 regis
1262 1122 1460 1183 effuse
1492 1125 1677 1198 paulo
1709 1128 1848 1183 ante
1876 1123 2073 1185 secuti
2099 1125 2336 1198 percul-

381 1225 488 1270 sos
519 1209 755 1282 equites
787 1207 1149 1281 imitaretur,
1194 1207 1605 1282 profecisset?
1647 1223 1850 1282 neque
1880 1208 2040 1267 enim
2068 1221 2147 1266 ne
2174 1209 2342 1282 regis

382 1292 627 1370 quidem
657 1292 919 1367 primum
949 1290 1290 1365 eonsilium,
1324 1308 1446 1367 quo
1474 1291 1767 1366 impetum
1788 1291 1849 1349 in
1871 1291 2342 1352 frumentatores

377 1377 620 1453 palatos
649 1391 764 1452 per
791 1391 977 1452 agros
1009 1374 1168 1450 feeit,
1203 1374 1776 1450 reprehendendum
1803 1375 1978 1447 foret,
2010 1375 2066 1435 si
2094 1375 2341 1435 modum

378 1476 721 1536 prosperae
776 1476 1021 1536 pugnae
1071 1459 1490 1535 imposuisset.
1557 1475 1632 1520 eo
1689 1474 1940 1534 quoque
1992 1458 2194 1519 minus
2247 1465 2346 1519 est

375 1545 592 1604 mirum
633 1551 967 1618 temptasse
996 1559 1138 1604 eum
1171 1544 1471 1605 fortunam
1489 1589 1505 1618 ,
1552 1543 1719 1617 quod
1751 1543 1913 1602 fama
1942 1549 2072 1602 erat
2096 1541 2341 1602 Pleura-

374 1635 502 1687 tum
529 1627 980 1702 Dardanosque
1021 1626 1367 1700 ingentibus
1412 1625 1610 1701 copiis
1651 1627 1962 1701 profectos
2005 1626 2189 1686 domo
2220 1626 2343 1686 iam

376 1711 437 1770 in
465 1709 888 1770 Macedoniam
917 1710 1411 1778 transcendisse3
1456 1709 1676 1784 quibus
1706 1711 1759 1771 si
1787 1710 2063 1783 undique
2087 1710 2339 1770 eircum-

375 1801 596 1855 ventus
649 1793 846 1869 copiis
897 1795 1082 1864 foret,
1143 1793 1460 1853 sedentem
1509 1794 1853 1854 Romanum
1904 1793 2343 1854 debellaturum

380 1878 547 1937 credi
590 1883 850 1952 poterat.
908 1876 1118 1950 itaque
1145 1877 1487 1936 secundum
1518 1878 1672 1937 duas
1704 1879 2004 1938 adversas
2036 1878 2341 1952 equestris

375 1977 618 2035 pugnas
658 1963 847 2023 multo
889 1961 1090 2021 minus
1130 1965 1320 2021 tutam
1360 1978 1592 2023 moram
1622 1961 1684 2021 in
1712 1962 1911 2022 isdem
1940 1961 2178 2023 stativis
2208 1962 2343 2023 fore

374 2044 693 2121 Philippus
737 2051 940 2119 ratuS,
985 2060 1122 2104 cum
1154 2043 1325 2105 abire
1352 2046 1496 2104 inde
1526 2054 1587 2106 et
1613 2046 1823 2105 fallere
1852 2045 2068 2107 abiens
2097 2046 2341 2107 hostem

375 2129 586 2203 vellet,
631 2130 1039 2189 caduceatore
1080 2127 1196 2188 sub
1241 2144 1533 2189 occasum
1574 2130 1725 2189 solis
1768 2129 1960 2189 misso
2004 2131 2085 2190 ad
2116 2146 2339 2191 consu-

373 2212 510 2287 lem,
555 2212 659 2289 qui
688 2212 956 2274 indutias
989 2213 1068 2273 ad
1099 2212 1495 2288 sepeliendos
1525 2212 1764 2289 equites
1795 2218 2047 2288 peteret,
2088 2215 2341 2274 frustra·

371 2302 472 2357 tus
501 2296 743 2359 hostem
773 2298 1050 2358 secunda
1075 2296 1301 2371 vigilia,
1334 2298 1537 2357 multis
1566 2298 1809 2372 ignibus
1839 2312 1954 2372 per
1982 2302 2109 2358 tota
2138 2301 2344 2358 eastra

372 2379 619 2455 relictis,
651 2382 852 2441 silenti
883 2381 1126 2456 agmine
1156 2380 1299 2440 abit.
1364 2380 1627 2440 XXXIX.
1682 2396 1909 2457 corpus
1939 2380 2059 2441 iam
2090 2382 2344 2443 curabat

376 2466 612 2537 consul,
630 2480 768 2523 cum
788 2464 1046 2523 venisse
1062 2463 1529 2523 caduceatorem
1552 2471 1615 2524 et
1638 2466 1785 2539 quid
1807 2464 2084 2526 venisset
2101 2466 2339 2526 nuntia·

371 2552 499 2604 tum
538 2551 652 2606 est.
717 2562 1025 2621 responso
1074 2552 1306 2606 tantum
1356 2546 1499 2606 dato
1549 2564 1729 2608 mane
1766 2556 2019 2628 postero
2066 2549 2167 2610 die
2207 2550 2341 2611 fore

374 2628 616 2703 copiam
647 2630 1074 2704 conveniendi,
1105 2630 1167 2689 id
1199 2630 1368 2705 quod
1395 2632 1741 2705 quaesitum
1764 2640 1909 2703 erat,
1942 2648 2069 2693 nox
2092 2632 2341 2708 dieique

372 2710 752 2787 insequentis
781 2728 930 2787 pars
962 2713 1044 2773 ad
1073 2713 1572 2789 praecipiendum
1605 2716 1717 2776 iter
1737 2716 2019 2792 Philippo
2052 2717 2193 2776 data
2223 2724 2338 2777 est.

371 2804 630 2871 monteS,
663 2812 846 2872 quam
873 2797 1036 2858 viam
1065 2814 1188 2859 non
1215 2796 1637 2873 ingressurum
1659 2799 1831 2875 gravi
1854 2800 2095 2875 agmine
2114 2801 2339 2861 Roma-

369 2892 515 2937 num
555 2880 815 2953 sciebat,
858 2882 1025 2955 petit.
1087 2884 1306 2942 consul
1334 2882 1531 2957 prima
1558 2883 1695 2943 luce
1730 2885 2137 2945 caduceatore
2168 2884 2332 2945 datis

370 2959 622 3024 indutiis
657 2964 945 3039 dimisso,
986 2965 1149 3025 haud
1191 2966 1274 3027 ita
1302 2968 1490 3028 multo
1522 2973 1667 3041 post
1694 2967 1901 3028 abisse
1928 2968 2170 3028 hostem
2198 2982 2339 3027 cum

371 3047 692 3123 sensisset,
723 3048 974 3123 ignarus
1007 3066 1130 3124 qua
1155 3056 1539 3126 sequeretur,
1575 3051 1771 3111 isdem
1803 3051 2039 3112 stativis
2071 3053 2337 3113 frumen-

367 3132 555 3192 tando
600 3133 733 3193 dies
777 3134 1010 3208 aliquot
1052 3132 1452 3209 consumpsit.
1527 3132 1882 3195 Stuberram
1912 3135 2134 3197 deinde
2164 3135 2337 3210 petit,

362 3222 553 3289 atque
593 3232 672 3275 ex
712 3217 1042 3291 Pelagonia
1082 3218 1447 3278 frumentum
1490 3218 1658 3293 quod
1702 3219 1763 3277 in
1806 3218 1973 3294 agris
2016 3226 2148 3280 erat
2187 3235 2336 3281 con-

368 3297 552 3358 vexit.
619 3300 761 3358 inde
808 3302 888 3359 ad
926 3300 1244 3361 Pluinnam
1292 3307 1391 3362 est
1439 3316 1809 3377 progressus
1852 3304 2124 3364 nondum
2166 3318 2336 3364 com-

367 3387 574 3454 perto,
628 3398 809 3455 quam
850 3384 1162 3457 regionem
1201 3383 1415 3445 hostes
1460 3387 1775 3459 petissent.
1832 3386 2151 3462 Philippus
2195 3402 2338 3447 cum

363 3462 562 3537 primo
585 3464 665 3525 ad
681 3466 1012 3543 Bryanium
1038 3468 1260 3527 stati·⁷a
1278 3467 1611 3543 habuisset,
1628 3471 1942 3545 profectus
1963 3470 2105 3531 inde
2129 3476 2331 3531 trans-
