2548 3950
625 173 856 234 LIBER
884 173 1119 233 XXXII.
1167 173 1333 234 CAP.
1364 183 1450 234 21.
1474 183 1561 234 22.
1610 118 1681 248 [ε’.
1707 179 1771 232 C.
1798 180 1919 247 198]
2155 175 2234 240 67

278 339 586 398 nusquam
630 323 823 396 gratia
865 323 1094 394 stabili,
1142 325 1309 384 velut
1340 325 1444 399 qui
1472 333 1752 386 eventum
1783 331 2237 402 exspectaveri-

275 423 445 478 muS,
493 413 556 465 ut
601 407 881 466 fortunae
924 407 1377 481 applicaremus
1423 416 1635 468 nostra
1666 410 1954 483 consilia,
2001 413 2237 486 praeda

275 492 528 552 victoris
559 491 830 550 erimus?
871 491 1087 562 nolite,
1119 491 1174 550 si
1203 492 1372 564 quod
1402 491 1683 553 omnibus
1717 494 1876 555 votis
1906 496 2237 570 petendum

277 582 406 636 erat
445 576 603 634 ultro
647 573 928 648 offertur,
972 573 1264 634 fastidire.
1332 592 1455 634 non
1503 577 2014 649 quemadmodum
2052 577 2237 638 hodie

277 667 600 732 utrumque
629 656 810 717 vobis
838 658 999 730 licet,
1029 657 1121 717 sic
1149 673 1394 733 semper
1420 659 1721 719 liciturum
1751 667 1862 719 est.
1908 676 2021 720 nec
2045 677 2237 737 saepe

273 757 390 801 nec
432 741 540 802 diu
581 741 798 800 eadem
831 741 1076 801 occasio
1106 742 1236 802 erit.
1299 741 1560 802 liberare
1592 760 1706 804 vos
1742 762 1779 804 a
1806 743 2087 819 Philippo
2118 746 2237 804 iam

275 827 383 885 diu
410 826 604 899 magis
633 824 819 884 vultis
852 841 1033 899 quam
1063 825 1322 885 audetis.
1366 827 1501 885 sine
1525 835 1731 886 vestro
1755 829 1967 887 labore
1996 836 2055 888 et
2076 830 2237 904 peri-

274 911 413 969 culo
446 909 550 984 qui
591 924 705 969 vos
733 909 796 967 in
825 908 1160 968 libertatem
1189 907 1597 982 vindicarent,
1642 927 1781 970 cum
1811 911 2046 985 magnis
2080 913 2235 973 clas-

273 993 446 1053 sibus
471 991 968 1066 exercitibusque
989 1006 1157 1051 mare
1178 992 1563 1051 traiecerunt.
1587 992 1703 1054 hos
1728 995 1780 1053 si
1796 995 2004 1054 socios
2023 1011 2234 1070 asper-

270 1076 516 1150 namini,
545 1076 652 1135 vix
680 1075 898 1136 mentis
928 1091 1118 1136 sanae
1148 1075 1329 1135 estis=
1374 1076 1488 1136 sed
1516 1083 1621 1135 aut
1650 1077 1859 1138 socios
1890 1084 1994 1138 aut
2022 1077 2236 1146 hostes

269 1159 550 1220 habeatis
581 1163 886 1234 oportet.“

441 1242 625 1303 XXII.
669 1241 1019 1303 Secundum
1049 1243 1383 1302 orationem
1414 1243 1714 1317 praetoris
1745 1261 2015 1305 murmur
2036 1253 2233 1307 ortum

267 1328 528 1388 aliorum
573 1343 710 1386 cum
749 1327 1049 1399 adsensu,
1096 1325 1352 1386 aliorum
1396 1327 1788 1388 inclementer
1818 1330 2231 1390 adsentientes

267 1410 745 1486 increpantium;
798 1417 860 1469 et
899 1409 1018 1470 iam
1049 1424 1172 1468 non
1202 1409 1427 1484 singuli
1456 1415 1683 1471 tantum
1713 1411 1829 1470 sed
1858 1413 2072 1486 populi
2101 1414 2226 1472 uni·

267 1496 435 1555 versi
462 1496 621 1554 inter
645 1509 716 1552 se
744 1491 1212 1554 altercabantur.
1285 1500 1408 1553 tum
1436 1493 1591 1553 inter
1617 1494 2003 1567 magistratus
2034 1496 2231 1570 gentis

266 1612 354 1624 —-
381 1578 732 1651 damiurgos
778 1582 1034 1644 vocant;
1087 1577 1302 1636 decem
1329 1592 1582 1636 numero
1614 1584 1899 1638 creantur
1922 1611 2010 1624 -—
2040 1587 2229 1640 certa-

269 1677 408 1722 men
449 1660 638 1721 nihilo
679 1661 933 1735 segnius
964 1674 1145 1734 quam
1176 1661 1330 1720 inter
1358 1659 1795 1722 multitudinem
1827 1677 1989 1722 esse.
2058 1663 2231 1738 quin·

270 1762 392 1821 que
417 1745 720 1806 relaturos
753 1744 831 1803 de
860 1745 1154 1805 societate
1172 1745 1450 1805 Romana
1480 1761 1551 1806 se
1579 1745 1822 1805 aiebant
1844 1746 2231 1822 suffragium-

269 1845 392 1906 que
423 1830 710 1898 daturos;
756 1828 1026 1904 quinque
1054 1829 1191 1902 lege
1223 1836 1467 1889 cautum
1500 1829 1908 1904 testabantur,
1956 1846 2031 1889 ne
2063 1831 2229 1904 quid,

271 1914 436 1990 quod
467 1915 766 1973 adversus
789 1911 1053 1988 Philippi
1075 1912 1428 1972 societatem
1448 1921 1635 1987 esset,
1667 1920 1770 1973 aut
1790 1915 2020 1973 referre
2042 1915 2230 1989 magi-

267 1998 559 2059 stratibus
588 2004 694 2058 aut
720 1997 1054 2071 decernere
1083 1997 1343 2059 concilio
1368 1998 1464 2058 ius
1495 2005 1681 2059 esset.
1726 1997 1781 2057 is
1814 2014 2063 2075 quoque
2096 1998 2228 2058 dies

266 2082 482 2159 iurgiis
515 2088 610 2144 est
640 2088 1062 2157 consumptus.

439 2163 770 2240 Supererat
811 2181 969 2225 unus
1013 2166 1155 2226 iusti
1198 2165 1440 2225 concilii
1482 2165 1645 2226 dies:
1712 2166 1886 2226 tertio
1934 2166 2092 2223 enim
2129 2167 2230 2224 lex

267 2249 517 2313 iubebat
543 2249 852 2309 decretum
881 2248 1032 2308 fleri.
1097 2250 1156 2307 in
1191 2264 1371 2323 quem
1402 2248 1559 2307 adeo
1592 2262 1883 2307 exarsere
1912 2245 2133 2321 studia,
2165 2252 2230 2307 ut

269 2335 371 2394 vix
385 2338 670 2409 parentes
685 2333 762 2392 ab
787 2332 993 2393 liberis
1017 2330 1507 2406 temperaverint.
1536 2330 1741 2390 Risias
1760 2363 1834 2373 —-
1851 2330 2228 2389 Pellenensis

266 2425 401 2479 erat
425 2452 513 2463 —-
538 2416 729 2481 filium
778 2416 1161 2489 damiurgum
1218 2416 1463 2474 nomine
1512 2414 1898 2474 Memnonem
1945 2414 2226 2487 habebat,

264 2501 458 2579 partis
488 2500 622 2561 eius
649 2516 808 2575 quae
832 2500 1144 2560 decretum
1163 2498 1407 2559 recitari
1432 2498 1876 2574 perrogarique
1898 2498 2228 2558 sententias

263 2584 646 2663 prohibebat.
690 2584 744 2643 is
776 2584 882 2644 diu
903 2584 1240 2644 obtestatus
1263 2582 1471 2655 filium,
1506 2591 1570 2643 ut
1593 2582 1915 2643 consulere
1937 2582 2227 2641 Achaeos

263 2668 574 2731 communi
603 2669 783 2729 saluti
813 2674 1139 2742 pateretur,
1170 2684 1292 2727 neu
1320 2666 1655 2741 pertinacia
1684 2682 1800 2727 sua
1828 2674 2069 2741 gentem
2098 2667 2227 2724 uni-

265 2769 511 2814 versam
545 2752 850 2827 perditum
879 2752 1010 2825 iret,
1054 2759 1383 2827 postquam
1416 2767 1628 2825 parum
1656 2750 2061 2825 proficiebant
2089 2766 2229 2825 pre·

265 2854 404 2912 ceS,
455 2837 689 2897 iuratus
733 2852 804 2896 se
847 2852 986 2895 eum
1029 2851 1142 2895 sua
1191 2852 1375 2895 manu
1416 2835 1916 2909 interempturum
1958 2850 2072 2894 nec
2115 2850 2227 2908 pro

263 2923 389 2983 filio
421 2922 536 2983 sed
575 2936 685 2995 pro
715 2919 896 2980 hoste
924 2920 1297 2988 habiturum,
1343 2918 1522 2977 minis
1552 2919 1837 2993 pervicit,
1878 2926 1946 2977 ut
1975 2925 2226 2991 postero

263 3007 364 3067 die
395 3005 795 3079 coniungeret
821 3004 896 3063 iis
926 3019 998 3064 se
1028 3004 1132 3079 qui
1152 3003 1516 3063 referebant.
1561 3002 1662 3079 qui
1688 3018 1825 3062 cum
1848 3001 2057 3075 plures
2084 3000 2228 3058 facti

263 3092 582 3161 referrent,
614 3088 898 3149 omnibus
922 3090 1051 3147 fere
1074 3088 1319 3163 populis
1341 3085 1509 3145 haud
1531 3085 1715 3145 dubie
1740 3081 2227 3158 approbantibus

262 3172 650 3246 relatIonem‚
696 3188 771 3233 ac
815 3188 963 3247 prae
1008 3186 1078 3231 se
1121 3169 1455 3231 ferentibus
1490 3169 1637 3241 quid
1666 3166 1971 3236 decreturi
2001 3173 2227 3239 essent,

262 3258 523 3337 Dymaei
568 3272 642 3316 ac
669 3254 1164 3331 Megalopolitani
1206 3261 1267 3314 et
1304 3252 1551 3328 quidam
1581 3250 1979 3325 Argivorum,
2030 3249 2227 3324 prius-

263 3360 452 3419 quam
486 3342 794 3401 decretum
825 3340 1016 3413 fieret,
1046 3342 1565 3399 consurrexerunt
1589 3350 1663 3394 ac
1683 3334 2065 3408 reliquerunt
2084 3349 2227 3393 con-

265 3429 487 3501 cilium,
521 3440 722 3500 neque
749 3426 1002 3484 mirante
1031 3423 1154 3482 ullo
1187 3436 1299 3481 nec
1331 3418 1738 3494 improbante.
1788 3435 1931 3478 narn
1958 3418 2227 3493 Megalo-

1736 3500 1817 3563 ὃ*
