2548 3950
605 152 837 217 LIBER
864 151 1074 212 XXXI.
1120 152 1287 214 CAP.
1316 162 1403 216 so.
1426 161 1515 216 31..
1560 160 1633 228 [a.
1668 159 1736 217 ο.
1766 161 1894 229 noo]
2022 98 2029 102 ⁶
2148 155 2234 220 27

261 325 416 388 que,
462 309 643 370 talem
674 322 844 383 eum,
877 307 934 368 si
960 307 1154 382 liceat,
1183 307 1488 368 Aetoliam
1519 308 1961 384 Graeciamque
1991 326 2234 375 omnem

261 395 588 456 facturum.
642 391 816 452 urbis
849 407 1102 466 quoque
1131 407 1283 452 suae
1312 391 1569 452 similem
1600 392 2042 455 deformitatem
2073 395 2233 459 futu·

257 494 392 538 ram
429 477 654 552 fulsse,
698 475 817 536 nisi
844 475 1107 537 Romani
1138 475 1593 536 subvenissent.
1657 477 1874 537 eodem
1905 479 2065 538 enirn
2098 497 2233 542 sce-

259 563 389 622 lere
420 562 640 622 urbem
680 559 940 620 colentis
977 561 1134 620 deos
1177 561 1653 636 praesidemque
1695 561 1855 620 arcis
1897 562 2234 626 Minervam

260 647 532 722 petitam,
558 644 776 707 eodem
797 643 1148 706 Eleusiniae
1171 643 1411 704 Cereris
1434 645 1743 728 templum,
1768 645 1987 706 eodem
1998 646 2233 710 Piraeei

257 730 473 791 Iovem
511 727 1002 803 Minervamque·
1061 727 1176 787 sed
1217 727 1295 788 ab
1336 743 1551 788 eorum
1593 745 1717 790 non
1760 732 2002 804 templis
2045 732 2241 794 modo·

261 815 377 875 sed
420 814 606 874 etiam
643 812 968 874 moenibus
1010 811 1071 870 vi
1115 819 1303 887 atque
1346 813 1528 872 armis
1571 815 1887 911 repulsum
1930 815 1990 874 in
2021 831 2096 876 ea
2124 818 2231 877 de·

259 898 468 972 lubra,
513 912 672 973 quae
715 897 851 958 sola
880 895 1178 971 religione
1206 901 1337 955 tuta
1368 895 1616 970 fuerim,
1661 898 1961 957 saevisse.
2025 901 2233 975 itaque

261 997 333 1041 se
365 996 545 1042 orare
586 989 772 1056 atque
813 981 1147 1042 obsecrare
1174 980 1463 1054 AetoloS,
1509 987 1576 1040 ut
1615 978 1869 1040 miseriti
1897 981 2229 1044 Athenien·

259 1066 460 1139 sium,
506 1065 769 1126 ducibus
813 1063 932 1125 diis
973 1063 1449 1138 immortalibus,
1492 1064 1715 1126 deinde
1754 1065 2079 1142 Romanis,
2124 1067 2229 1144 qui

257 1149 603 1211 secundum
632 1149 787 1211 deos
818 1148 1145 1224 plurimum
1171 1156 1449 1225 possent,
1483 1147 1706 1209 bellum
1737 1150 2144 1227 susciperent.

427 1232 637 1294 XXXI.
681 1234 831 1294 Tum
851 1234 1166 1294 Romanus
1198 1235 1437 1308 legatus
1468 1239 1696 1308 „totam
1728 1232 2021 1297 orationis
2052 1252 2228 1298 meae

258 1322 520 1383 formam
557 1317 935 1379 Macedones
976 1318 1267 1393 primum,
1319 1316 1545 1377 deinde
1581 1317 1995 1380 Athenienses
2036 1328 2227 1381 mutan

251 1413 419 1468 runt.
479 1419 622 1464 nam
650 1409 714 1464 et
738 1401 1136 1477 Macedones,
1173 1418 1321 1462 cum
1350 1401 1432 1460 ad
1463 1402 1935 1476 conquerendas
1962 1401 2227 1479 Philippi

255 1489 514 1550 iniurias
553 1483 617 1548 in
659 1493 750 1548 tot
789 1487 994 1548 socias
1036 1486 1218 1547 nobis
1253 1485 1441 1546 urbes
1470 1485 1811 1559 venissem,
1855 1487 2015 1548 ultro
2045 1503 2224 1548 accu-

257 1574 459 1636 sando
499 1571 847 1644 RomanoS,
900 1567 1323 1630 defensionem
1372 1576 1439 1631 ut
1480 1569 1874 1630 accusatione
1923 1571 2227 1647 potiorem

254 1657 550 1719 haberem
592 1655 956 1726 effecerunt3
1023 1662 1083 1714 et
1121 1653 1534 1715 Athenienses
1602 1653 1664 1714 in
1730 1656 1888 1716 deos
1959 1670 2225 1731 superos

255 1741 618 1816 inferosque
639 1740 906 1802 nefanda
928 1745 1113 1815 atque
1135 1738 1467 1799 inhumana
1480 1740 1718 1799 scelera
1742 1737 1874 1799 eius
1897 1741 2223 1800 referendo

257 1825 406 1902 quid
449 1824 595 1885 mihi
642 1831 749 1886 aut
783 1823 1070 1899 cuiquam
1109 1825 1517 1900 reliquerunt,
1572 1823 1740 1898 quod
1785 1823 2029 1883 obicere
2070 1826 2229 1884 ultra

257 1910 541 1988 possim?
583 1908 799 1969 eadem
826 1908 982 1968 haec
1007 1909 1230 1969 Cianos
1253 1908 1599 1986 Abydenos
1616 1901 1869 1968 Aeneos
1891 1905 2225 1968 Maronitas

253 1995 521 2058 Thasios
575 1993 788 2055 Parios
846 1992 1089 2055 Samios
1137 1992 1502 2055 Larisenses
1551 1992 1901 2054 Messenios
1956 1992 2099 2052 hinc
2146 2008 2229 2052 ex

254 2078 495 2141 Achaia
545 2078 890 2139 existimate
941 2079 1150 2153 queri;
1213 2078 1501 2153 graviora
1551 2078 1732 2139 etiam
1784 2076 2225 2151 acerbioraque

253 2179 388 2237 eoS,
417 2163 641 2240 quibus
668 2161 934 2224 nocendi
956 2164 1250 2224 maiorem
1272 2163 1619 2223 facultatem
1641 2160 1867 2221 habuit.
1899 2176 2038 2219 narn
2058 2159 2227 2235 quod

254 2248 338 2309 ad
365 2263 445 2308 ea
483 2248 697 2307 attinet
738 2263 898 2323 quae
938 2247 1118 2308 nobis
1162 2246 1413 2319 obiecit,
1455 2243 1575 2305 nisi
1616 2244 1811 2319 gloria
1850 2243 2037 2317 digna
2064 2250 2225 2318 sunt,

254 2333 458 2393 fateor
487 2346 563 2392 ea
595 2332 841 2393 defendi
871 2348 996 2392 non
1028 2346 1237 2407 posse.
1279 2330 1535 2405 Regium
1568 2336 1629 2389 et
1658 2328 1925 2405 Capuam
1957 2335 2017 2389 et
2037 2328 2225 2409 Syra-

258 2432 448 2479 cusas
489 2416 672 2477 nobis
717 2415 957 2477 obiecit.
1023 2416 1283 2491 Regium
1310 2412 1529 2493 Pyrrhi
1568 2412 1731 2474 bello
1769 2412 1929 2489 legio
1958 2430 1997 2473 a
2024 2414 2225 2488 nobis,

255 2500 512 2575 Reginis
526 2500 680 2575 ipsis
705 2506 774 2560 ut
793 2498 1168 2562 mitteremus
1193 2498 1529 2573 orantibuS,
1544 2499 1605 2558 in
1621 2497 1997 2574 praesidium
2014 2499 2224 2573 missa,

254 2583 476 2645 urbem
508 2583 587 2644 ad
621 2600 804 2659 quam
835 2584 1287 2645 defendendam
1316 2586 1507 2645 missa
1534 2591 1681 2656 erat,
1711 2600 1827 2659 per
1850 2585 2057 2647 scelus
2079 2600 2226 2661 pos-

252 2668 437 2729 sedit.
505 2667 1045 2745 comprobavimus
1087 2684 1235 2744 ergo
1279 2667 1343 2729 id
1384 2667 1667 2730 facinus?
1708 2684 1787 2729 an
1818 2668 1981 2730 bello
2013 2684 2223 2745 perse-

255 2752 383 2813 cuti
411 2753 776 2813 sceleratam
797 2752 1117 2827 legionem,
1148 2752 1210 2812 in
1229 2759 1597 2828 potestatem
1620 2760 1893 2814 nostram
1913 2754 2223 2819 redactam

243 2844 429 2912 tergo
459 2842 524 2897 et
550 2835 892 2897 cervicibus
938 2852 1173 2913 poenas
1214 2837 1404 2899 sociis
1440 2837 1713 2913 pendere
1743 2853 1880 2899 cum
1912 2839 2223 2913 coegisse-

252 2936 426 2992 muS‚
469 2920 685 2981 urbem
727 2936 914 2995 agros
955 2937 1197 2997 suaque
1239 2922 1444 2982 omnia
1484 2937 1622 2982 cum
1650 2922 1929 2983 libertate
1957 2922 2222 2996 legibus·

255 3020 383 3079 que
409 2968 664 3079 Reginis
705 3004 1128 3067 reddidimus?
1173 3006 1585 3085 Syracusanis
1632 3005 1953 3084 oppressis
1996 3004 2073 3065 ab
2117 3020 2221 3065 ex·

251 3088 446 3151 ternis
470 3090 771 3167 tyranniS,
797 3106 920 3165 quo
948 3090 1264 3166 indignius
1282 3096 1465 3163 esset,
1494 3106 1633 3151 cum
1652 3090 2003 3151 tulissemus
2020 3102 2222 3186 opem,

252 3177 318 3230 et
345 3172 578 3269 fatigati
619 3189 818 3249 prope
862 3190 974 3250 per
1000 3175 1322 3237 triennium
1353 3181 1517 3235 terra
1532 3173 1819 3271 ‘marique
1846 3172 1999 3233 urbe
2026 3173 2221 3233 muni-

253 3255 491 3317 tissima
534 3258 952 3332 oppugnanda
993 3274 1307 3330 essemuS,
1350 3274 1487 3319 cum
1530 3258 1649 3317 iam
1689 3256 1810 3334 ipsi
1842 3250 2224 3335 Syracusani

251 3340 489 3400 servire
518 3342 799 3419 tyrannis
832 3358 1014 3418 quam
1037 3343 1174 3418 capi
1199 3359 1238 3403 a
1260 3342 1441 3402 nobis
1465 3342 1727 3416 mallent,
1759 3348 1999 3418 captam
2023 3339 2221 3401 isdem

245 3423 438 3485 armis
491 3431 552 3485 et
612 3422 928 3486 liberatam
986 3427 1198 3487 urbem
1253 3425 1651 3487 reddidimus.
1737 3440 1941 3503 neque
1995 3420 2221 3485 infitias
