2548 3950
430 182 558 246 282
710 179 940 239 LIBER
964 177 1259 236 XXXVII.
1305 175 1473 235 CAP.
1501 184 1590 235 24.
1613 183 1706 235 25.
1750 180 1826 246 [a.
1851 179 1924 231 U.
1945 196 1998 230 c.
2021 178 2154 245 562]

432 334 599 392 cirea
622 344 765 388 eum
792 333 965 385 erant
982 340 1177 384 naves
1198 329 1536 419 capessunt
1553 323 1790 398 sugam3
1821 339 1942 383 nec
1963 323 2224 400 insequi
2241 322 2392 386 Rho·

432 415 517 472 dii
545 428 627 472 ex
662 425 889 484 magna
924 417 1099 484 parte
1126 408 1328 482 aegris
1357 415 1420 468 et
1447 407 1528 467 ob
1555 406 1619 465 id
1649 407 1910 466 celerius
1939 406 2134 467 fessis
2165 409 2391 481 remigi-

440 498 557 556 bus
584 500 929 569 potuerunt.
986 507 1125 552 cum
1152 491 1215 550 in
1242 491 1386 562 alto,
1427 490 1534 549 ubi
1561 489 1979 560 substiterant,
2011 490 2162 551 cibo
2189 491 2390 550 refice-

432 586 570 638 rent
594 577 761 637 vires
774 623 791 650 ,
835 577 1280 649 contemplatus
1305 573 1618 634 Eudamus
1649 572 1846 633 hostis
1875 572 2144 634 claudas
2175 575 2390 634 mutiia-

432 671 655 737 tasque
692 675 885 719 naves
924 660 1151 733 apertis
1194 657 1456 717 navibus
1495 657 1766 716 remulco
1805 655 2112 717 trahentis
2125 703 2146 730 ‚
2203 657 2390 732 viginti

435 747 621 822 paulo
650 743 911 819 amplius
938 743 1207 816 integras
1236 739 1644 812 abscedentis,
1673 755 1710 798 e
1737 740 1888 799 turri
1917 741 2280 814 praetoriae
2303 756 2388 798 na·

434 829 531 888 vis
559 827 799 887 silentio
828 825 989 884 facto
1018 823 1427 899 „exsurgite‚“
1454 822 1656 898 inquit
1680 828 1786 896 „et
1811 822 2138 897 egregium
2167 829 2389 900 specta·

434 913 639 970 culum
660 910 967 984 capessite
990 909 1249 968 oculis.“
1292 921 1738 967 consurrexere
1761 921 2000 980 omne&
2025 909 2389 982 contempla-

436 995 605 1069 tique
642 992 1105 1068 trepidationem
1120 993 1456 1066 fugamque
1479 987 1772 1061 hostium,
1787 1001 1865 1047 ac
1881 1004 2096 1064 prope
2117 1006 2248 1051 una
2258 1006 2388 1050 voce
2461 1043 2463 1050 .

440 1091 656 1135 omnes
677 1083 745 1135 ut
764 1083 1167 1149 sequerentur
1187 1075 1702 1134 exclamaverunt.
1745 1072 1945 1146 ipsius
1965 1073 2244 1132 Eudami
2261 1075 2388 1134 mul-

434 1161 513 1219 tis
544 1159 769 1218 ictibus
810 1160 1123 1217 vulnerata
1148 1158 1326 1238 navis
1355 1164 1516 1216 erat:
1555 1154 1996 1230 Pamphilidam
2027 1163 2096 1216 et
2123 1157 2386 1217 Charicli-

440 1251 563 1300 tum
590 1242 851 1315 insequi,
881 1242 1089 1315 quoad
1109 1245 1395 1316 putarent
1411 1246 1624 1312 tutum,
1654 1237 1854 1300 iussit.
1895 1240 2291 1314 aliquamdiu
2311 1256 2386 1299 se·

438 1325 561 1386 euti
608 1333 781 1386 sunt=
848 1333 1177 1399 postquam
1227 1330 1428 1383 terrae
1480 1321 2020 1398 appropinquabat
2077 1323 2386 1391 Hannibal,

436 1407 615 1468 veriti
636 1424 715 1468 ne
736 1408 1189 1468 includerentur
1208 1415 1396 1467 vento
1417 1408 1482 1466 in
1503 1407 1772 1467 hostium
1789 1421 1920 1479 ora,
1953 1406 2034 1467 ad
2055 1406 2384 1468 Eudamum

436 1493 667 1552 revecti
692 1492 1007 1567 hepterem
1041 1499 1278 1566 captam
1291 1537 1307 1562 ,
1349 1506 1508 1566 quae
1535 1490 1733 1565 primo
1764 1504 2082 1550 concursu
2109 1489 2241 1550 icta
2265 1498 2386 1558 erat,

438 1589 623 1647 aegre
660 1574 1047 1636 Phaselidem
1087 1581 1532 1650 pertraxerunt.
1597 1573 1744 1632 inde
1780 1571 2074 1634 Rhodum
2113 1590 2250 1634 non
2291 1581 2386 1633 tam
2465 1599 2467 1602 ⁴

436 1655 695 1715 victoria
734 1657 906 1730 laeti,
950 1674 1133 1732 quam
1172 1659 1328 1718 alius
1358 1657 1544 1718 alium
1581 1663 1978 1730 accusanteS,
2023 1657 2238 1733 quod,
2275 1673 2386 1717 cum

440 1740 759 1812 potuisset,
786 1756 913 1800 non
942 1741 1141 1800 omnis
1174 1755 1518 1802 summersa
1543 1745 1652 1800 aut
1675 1745 1854 1814 capta
1881 1740 2110 1802 classis
2139 1739 2385 1802 hostium

438 1823 625 1893 foret,
654 1823 985 1883 redierunt.
1042 1823 1348 1883 Hannibal
1375 1824 1576 1885 victus
1604 1837 1728 1884 uno
1759 1822 1994 1896 proelio
2025 1825 2300 1885 adverso
2326 1838 2385 1882 ne

436 1913 565 1966 tum
596 1906 841 1982 quidem
869 1906 1249 1983 praetervehi
1270 1907 1524 1986 Lyciam
1543 1905 1612 1944 ²³*
1635 1906 1915 1980 audebat,
1947 1923 2093 1968 cum
2112 1905 2384 1981 coniungi

438 1991 633 2051 veteri
659 1992 865 2065 regiae
894 1992 1079 2052 classi
1110 2008 1294 2066 quam
1327 1991 1584 2067 primum
1613 1996 1883 2067 cuperet.
1923 2008 2008 2051 ne
2017 1990 2100 2053 -id
2121 1992 2182 2053 ei
2203 1994 2384 2053 faeere

438 2072 697 2133 liberum
748 2083 943 2148 esset,
994 2074 1217 2137 Rhodii
1258 2075 1640 2137 Chariclitum
1693 2090 1832 2135 cum
1879 2075 2102 2150 viginti
2143 2074 2380 2137 navibus

436 2157 721 2219 rostratis
761 2158 840 2217 ad
867 2157 1085 2219 Patara
1120 2165 1181 2217 et
1202 2158 1505 2233 Megisten
1544 2165 1786 2235 portum
1825 2157 2150 2221 miserunt.
2205 2158 2380 2219 Euda-

438 2256 603 2301 mum
632 2257 773 2301 cum
802 2249 1040 2317 septem
1056 2242 1322 2303 navibus
1342 2243 1624 2303 maximis
1649 2258 1730 2301 ex
1751 2258 1826 2302 ea
1845 2242 2072 2316 classe,
2103 2244 2208 2303 cui
2229 2256 2379 2318 prae·

438 2325 657 2397 fuerat,
688 2324 937 2385 Samum
965 2325 1169 2387 redire
1196 2327 1282 2387 ad
1305 2327 1620 2387 Romanos
1647 2325 1976 2398 iusserunt,
2008 2333 2082 2387 ut
2109 2334 2379 2402 quantum

438 2408 698 2468 consilio
714 2454 729 2479 ‚
775 2416 1063 2483 quantum
1091 2410 1449 2471 auctoritate
1477 2412 1724 2490 valeret,
1754 2409 2155 2484 compelleret
2178 2411 2377 2473 Roma·

438 2504 554 2549 nos
584 2491 663 2550 ad
689 2490 907 2552 Patara
938 2493 1375 2568 oppugnanda.

604 2570 791 2633 XXV.
820 2575 1103 2651 Magnam
1112 2577 1408 2640 Romanis
1430 2576 1716 2639 laetitiam
1737 2576 1908 2653 prius
1929 2576 2234 2640 victoriae
2247 2594 2376 2639 nun·

436 2656 575 2728 tius,
612 2656 835 2717 deinde
864 2660 1163 2721 adventus
1192 2661 1387 2722 attulit
1411 2660 1822 2723 Rhodiorum:
1865 2668 1930 2721 et
1953 2661 2310 2737 apparebat,
2335 2658 2376 2719 si

436 2737 693 2800 Rhodiis
734 2752 812 2800 ea
842 2755 991 2803 cura
1018 2743 1263 2820 dempta
1292 2744 1535 2816 fuisset,
1578 2760 1812 2807 vacuos
1840 2759 1951 2805 eos
1979 2751 2114 2805 tuta
2139 2746 2274 2805 eius
2299 2760 2374 2804 re·

436 2820 638 2896 gionis
668 2824 857 2883 maria
884 2833 1325 2899 praestaturos.
1367 2828 1484 2889 sed
1512 2828 1808 2903 profectio
1835 2828 2129 2889 Antiochi
2155 2828 2232 2889 ab
2257 2826 2376 2889 Sar·

438 2906 646 2979 dibuS,
692 2921 771 2971 ne
800 2908 1288 2982 opprimerentur
1326 2910 1663 2973 maritimae
1683 2912 1890 2986 urbes,
1917 2912 2266 2973 abscedere
2291 2927 2376 2971 cu-

436 2989 643 3051 stodia
669 2990 878 3052 Ioniae
907 2998 1091 3067 atque
1115 2994 1396 3056 Aeolidis
1426 2994 1752 3070 prohibuit.
1791 2994 2238 3070 Pamphilidam
2259 3010 2372 3055 eum

439 3080 731 3149 quattuor
757 3076 1016 3137 navibus
1043 3078 1221 3138 tectis
1248 3079 1332 3138 ad
1358 3093 1496 3139 eam
1523 3080 1790 3139 classem
1812 3092 1970 3153 quae
1989 3076 2162 3139 circa
2179 3077 2371 3141 Patara

434 3166 568 3219 erat
593 3158 908 3221 miserunt.
948 3160 1288 3223 Antiochus
1309 3177 1433 3221 non
1455 3160 1786 3223 civitatium
1803 3160 2012 3234 modo,
2045 3177 2212 3237 quae
2233 3162 2375 3221 circa

436 3254 513 3299 se
552 3248 754 3314 erant,
800 3242 1193 3305 contrahebat
1230 3244 1575 3319 praesidia,
1617 3244 1734 3305 sed
1775 3244 1856 3305 ad
1877 3244 2160 3305 Prusiam
2187 3244 2372 3321 Bithy·

438 3322 576 3381 niae
615 3338 821 3395 regem
854 3324 1091 3399 legatos
1119 3324 1372 3389 miserat
1397 3327 1781 3404 litterasque,
1823 3318 2045 3403 quibus
2073 3328 2372 3389 transitum

438 3406 495 3457 in
526 3404 739 3462 Asiam
778 3406 1187 3469 Romanorum
1228 3408 1601 3484 increpabat.
1663 3409 1875 3471 venire
1912 3426 2024 3471 eos
2065 3410 2150 3471 ad
2190 3408 2373 3471 omnia
