2548 3950
597 222 829 284 LIBER
855 215 1121 284 XXXVi.
1164 218 1329 281 CAP.
1363 226 1558 284 18.19.
1602 224 1672 312 [a.
1700 223 1912 291 C.191]
2110 219 2239 281 239

269 373 679 447 cecidissent,
730 373 793 432 ni
833 374 914 433 M.
955 370 1210 433 Porcius
1251 371 1329 431 ab
1370 371 1515 446 iugo
1561 368 1936 445 Callidromi,
1982 371 2235 431 deiectis

269 459 421 521 inde
461 457 698 519 Aetolis
737 466 799 518 et
835 472 1056 531 magna
1096 471 1175 515 ex
1215 462 1391 532 parte
1434 456 1636 517 caesis
1657 455 2041 515 —incautos
2072 455 2244 515 enim.

271 552 337 605 et
377 544 712 617 plerosque
753 540 994 616 sopitos
1037 546 1571 616 oppresserat—,
1603 554 1794 615 super
1828 539 2243 599 imminentem

273 626 498 687 castris
525 626 746 686 collem
779 625 1191 700 apparuisset.
1261 623 1414 684 XIX.
1458 621 1682 685 Flacco
1711 641 1832 685 non
1868 625 2086 683 eadem
2114 625 2247 682 sor—

272 713 424 772 tuna
466 709 548 769 ad
573 707 890 769 Tichiunta
931 705 1459 780 et'Rhoduntiam,
1502 706 1874 784 nequiquam
1920 707 2124 767 subire
2159 709 2239 765 ad

273 799 354 853 ea
382 792 630 854 castella
663 799 916 864 conam,
957 792 1171 852 fuerat.
1245 790 1623 853 Macedones
1655 791 1886 867 quique
1916 791 2014 849 alii
2046 791 2104 849 in
2138 807 2235 849 ea-

208 882 214 885 ’
275 876 422 937 stris
444 875 631 951 regiis
655 882 830 937 erant
848 875 1065 950 primo,
1083 875 1228 935 dum
1249 876 1469 951 procul
1491 874 1640 934 nihil
1664 876 1828 934 aliud
1856 891 2036 949 quam
2060 876 2241 933 turba

241 961 245 962 ⁷
273 968 341 1021 et
381 975 600 1035 agmen
641 958 1005 1035 apparebat,
1049 960 1308 1019 Aetolos
1338 958 1591 1019 credere
1620 958 1758 1019 visa
1784 961 2000 1033 procul
2030 973 2233 1031 pugna

174 1089 190 1098 ,
274 1042 558 1105 subsidio
591 1044 830 1104 venire:
877 1050 1145 1104 ceterum
1166 1051 1234 1104 ut
1262 1042 1524 1119 primum
1554 1043 1852 1118 signaque
1884 1051 1942 1101 et
1968 1059 2132 1101 arma
2161 1059 2239 1101 ex

270 1128 629 1203 propinquo
682 1128 927 1203 cognita
965 1142 1234 1187 errorem
1272 1133 1680 1204 aperuerunt,
1730 1134 1932 1188 tantus
1984 1135 2237 1199 repente

268 1226 478 1288 pavor
511 1211 710 1282 omnis
741 1211 932 1286 cepit,
975 1219 1044 1271 ut
1073 1208 1328 1271 abiectis
1371 1209 1553 1271 armis
1594 1212 1892 1286 fugerent.
1960 1220 2018 1271 et
2046 1211 2235 1269 muni-

269 1302 481 1356 menta
501 1296 824 1371 sequentis*
844 1293 1264 1369 impedierunt,
1284 1302 1344 1355 et
1364 1295 1682 1368 angustiae
1704 1297 1898 1367 vallis,
1916 1309 2026 1367 per
2056 1311 2239 1367 quam

271 1378 581 1454 sequendi
612 1387 802 1453 erant,
834 1385 896 1438 et
922 1378 1186 1437 maxime
1215 1378 1484 1439 omnium
1510 1378 1679 1452 quod
1702 1379 2006 1451 elephanti
2030 1377 2237 1435 novis-

272 1462 418 1525 simi
458 1462 712 1538 agminis
755 1469 955 1536 erant,
1002 1476 1162 1537 quos
1189 1461 1389 1537 pedes
1420 1475 1604 1535 aegre
1632 1461 1994 1536 praeterire,
2044 1476 2237 1533 eques

272 1548 444 1607 nullo
486 1552 729 1621 poterat
755 1545 972 1617 modo,
1012 1545 1364 1605 timentibus
1395 1545 1573 1619 equis
1610 1546 2052 1619 tumultumque
2084 1543 2237 1603 inter

271 1646 351 1691 se
379 1630 671 1691 maiorem
713 1645 896 1704 quam
923 1629 986 1689 in
1014 1627 1252 1704 proelio
1284 1628 1639 1699 edentibus;
1685 1629 2058 1703 aliquantum
2090 1637 2235 1687 tem·
2279 1679 2285 1683 .

269 1713 452 1791 poris
481 1721 542 1774 et
575 1712 837 1788 direptio
871 1718 1212 1774 castrorum
1239 1711 1451 1773 tenuit.
1522 1711 1898 1788 Scarpheam
1930 1719 2130 1771 tamen
2165 1727 2239 1771 eo

272 1798 383 1858 die
425 1798 740 1858 consecuti
784 1804 927 1857 sunt
964 1795 1224 1857 hostem.
1262 1794 1497 1857 *multis
1534 1796 1595 1855 in
1625 1796 1764 1871 ipso
1796 1797 2008 1855 itinere
2040 1797 2239 1855 eaesis

272 1882 621 1957 captisque,
653 1897 778 1941 non
809 1879 988 1955 equis
1016 1880 1296 1955 virisque
1321 1887 1572 1952 tantum,
1607 1880 1719 1939 sed
1750 1881 1926 1939 etiam
1952 1881 2233 1953 elephan-

269 1968 390 2040 tiS,
432 1982 589 2041 quos
621 1981 846 2041 capere
874 1979 999 2025 non
1027 1971 1386 2041 potuerant,
1431 1962 1794 2038 intersectis,
1824 1966 1882 2022 in
1918 1973 2118 2022 eastra
2146 1980 2241 2020 re·-

268 2057 616 2122 verterunt3
660 2064 819 2125 quae
845 2056 1135 2124 temptata
1163 2063 1238 2108 eo
1273 2048 1373 2108 die
1405 2047 1561 2109 inter
1588 2048 1786 2122 ipsum
1822 2064 2065 2122 pugnae
2094 2056 2239 2106 tem-

271 2149 401 2210 pus
447 2133 526 2193 ab
555 2135 824 2205 Aetolis,
867 2134 1223 2192 Heracleam
1267 2129 1680 2192 obtinentibus
1722 2132 2064 2206 praesidio,
2109 2133 2243 2190 sine

201 2219 209 2224 ’
269 2219 404 2279 ullo
444 2216 612 2277 haud
653 2233 870 2293 parum
899 2216 1154 2276 audacis
1182 2216 1409 2290 incepti
1440 2213 1665 2275 effectu
1694 2215 1948 2275 fuerant.
2026 2216 2241 2274 consul

274 2301 480 2361 noctis
501 2299 886 2378 insequentis
909 2301 1083 2361 tertia
1102 2299 1308 2374 vigilia
1328 2297 1675 2374 praemisso
1698 2298 1968 2372 equitatu
2000 2300 2080 2356 ad
2104 2314 2241 2370 per-

276 2386 668 2461 sequendum
714 2384 987 2459 hostem,
1037 2383 1215 2459 signa
1263 2381 1573 2458 legionum
1616 2381 1812 2459 prima
1854 2382 1990 2440 luco
2033 2382 2239 2438 movit.

275 2469 658 2544 aliquantum
699 2468 838 2528 viae
879 2472 1283 2543 praeceperat
1308 2483 1451 2541 reX,
1501 2474 1570 2527 ut
1599 2465 1703 2541 qui
1732 2480 1854 2524 non
1888 2474 2028 2524 ante
2062 2482 2241 2536 quam

271 2551 514 2614 Elatiae
552 2551 631 2612 ab
661 2552 860 2614 effuso
893 2551 1235 2613 constiterit
1262 2566 1479 2621 cursu;
1543 2550 1649 2610 ubi
1679 2548 1936 2625 primum
1968 2548 2241 2620 reliquiis

272 2636 650 2713 pugnaeque
692 2643 755 2697 et
794 2635 977 2711 fugae
1017 2635 1321 2709 collectiS,
1366 2650 1504 2694 cum
1548 2634 1882 2710 perexigua
1922 2650 2106 2692 manu
2144 2648 2241 2690 se-

272 2720 615 2780 miermium
642 2720 896 2781 militum
926 2717 1272 2780 Chalcidem
1304 2733 1375 2780 se
1403 2716 1655 2794 recepit.
1723 2717 2038 2778 Romanus
2072 2718 2241 2790 equi-

277 2811 442 2865 tatus
490 2804 692 2880 ipsum
744 2803 989 2880 quidem
1036 2817 1244 2878 regem
1282 2801 1515 2864 Elatiae
1564 2801 1900 2863 adsecutus
1952 2818 2072 2860 non
2118 2806 2243 2866 est,

277 2902 563 2962 magnam
592 2895 828 2964 partem
857 2887 1114 2962 agminis
1143 2895 1248 2948 aut
1273 2886 1639 2947 lassitudine
1668 2886 2058 2946 subsistentis
2076 2932 2090 2958 ,
2142 2892 2243 2942 aut

279 2987 521 3045 errore,
564 2980 628 3033 ut
669 2972 774 3047 qui
814 2970 950 3032 sine
993 2971 1252 3031 ducibus
1294 2985 1409 3045 per
1449 2971 1659 3046 ignota
1698 2970 1912 3028 itinera
1942 2972 2239 3040 sugerent,

278 3053 618 3130 dissipatos
643 3061 1105 3131 oppresserunt.
1136 3069 1251 3113 nec
1273 3060 1515 3128 praeter
1540 3052 1928 3127 quingentos,
1956 3050 2058 3124 qui
2082 3050 2243 3106 cirea

275 3153 489 3217 regem
527 3140 795 3214 fuerunt,
839 3154 919 3199 ex
957 3143 1085 3198 toto
1117 3135 1389 3197 exercitu
1420 3136 1745 3210 quisquam
1774 3134 2012 3206 effugit,
2062 3132 2239 3190 etiam

279 3237 362 3282 ex
386 3223 600 3284 decem
622 3222 864 3283 milibus
887 3221 1156 3294 militum,
1189 3233 1350 3295 quos
1372 3218 1630 3294 Polybio
1653 3224 1902 3277 auctore
1924 3216 2243 3276 traiecisse

280 3321 498 3368 secum
525 3322 734 3382 regem
762 3307 823 3367 in
855 3305 1168 3367 Graeciam
1201 3303 1591 3378 scripsimus,
1626 3299 1884 3376 exiguus
1914 3314 2239 3358 numerus:

285 3389 435 3466 quid
463 3389 518 3450 si
545 3390 774 3452 Antiati
799 3389 1050 3450 Valerio
1081 3389 1405 3449 credamus
1448 3385 1770 3460 sexaginta
1798 3384 1960 3442 milia
1988 3384 2241 3441 militum

282 3475 478 3535 fuisse
510 3474 573 3534 in
602 3472 775 3549 regio
812 3473 1085 3535 exercitu
1115 3470 1431 3545 scribenti,
1478 3469 1876 3545 quadraginta
1908 3468 2048 3528 inde
2080 3468 2245 3526 milia·
