2548 3950
239 243 326 306 60
543 242 770 304 LIBER
796 242 1033 303 XXXII.
1081 241 1245 302 CAP.
1286 249 1483 305 16.17.
1529 247 1602 315 [a.
1627 246 1767 299 ue.
1794 246 1922 314 554]

243 396 466 456 sidium
497 400 628 453 erat
653 391 1078 468 Macedonum,
1107 407 1268 468 quos
1299 409 1424 453 non
1454 393 1655 455 minus
1688 408 1870 468 quam
1894 394 2217 456 Romanos

241 478 623 548 metuebant3
667 484 728 537 et
745 476 1048 538 Philocles
1075 475 1287 552 regius
1309 477 1662 552 praefectus
1682 492 1723 536 a
1745 476 2031 538 Chalcide
2054 494 2209 540 nun·

240 565 366 624 tios.
391 562 663 623 mittebat
690 575 761 621 se
785 561 849 620 in
879 568 1157 636 tempore
1185 560 1569 635 adfuturum,
1612 560 1667 622 si
1696 560 2071 622 sustinerent
2100 563 2208 623 ob-

242 647 562 708 sidionem.
617 644 772 704 haec
811 644 1004 706 mixta
1041 648 1211 704 metu.
1247 660 1397 720 spes
1437 646 1600 706 ultra
1639 659 1825 720 quam
1850 647 2079 706 vellent
2106 653 2219 708 aut

243 747 426 806 quam
454 735 714 805 possent
738 727 981 790 trahere
1010 743 1126 789 eos
1149 733 1399 804 tempus
1431 727 1710 803 cogebat·-
1784 729 2021 789 deinde.
2038 738 2209 805 post·

244 831 437 893 quam-
448 813 780 874 Philoclem
805 813 1126 888 repulsum
1151 812 1684 889 trepidantemque
1704 813 2207 888 refugissechal-

244 899 443 959 cidem
469 903 858 972 acceperunt,
895 903 1174 958 oratores
1203 897 1515 972 extemplo
1544 896 1635 956 ad.
1652 896 1937 972 Attalum,
1966 897 2209 958 veniam

241 982 550 1058 fidemque
579 981 712 1042 eius
743 981 1025 1056 petentis,
1061 979 1379 1041 miserunt.
1441 981 1589 1042 dum
1616 979 1677 1040 in
1708 995 1885 1056 spem
1912 981 2208 1056 paciam-

239 1067 388 1126 tenti
416 1065 668 1140 segnius
696 1079 951 1124 munera
977 1063 1121 1124 belli
1151 1064 1410 1138 obeunt,
1452 1070 1514 1124 et
1544 1079 1619 1124 ea
1646 1065 1833 1125 modo
1865 1070 2054 1140 parte,
2087 1082 2210 1141 qua

241 1163 452 1210 murus
501 1149 740 1209 dirutus
791 1155 950 1222 erat,
1005 1147 1225 1208 ceteris
1267 1148 1564 1223 neglectis
1605 1145 1901 1210 stationes
1944 1156 2211 1210 armatas

249 1239 600 1309 opponunt,
651 1231 966 1306 Quinctius
1015 1238 1206 1293 noctu
1252 1231 1331 1291 ab
1374 1247 1457 1292 ea·
1497 1237 1705 1307 parte,
1754 1247 1916 1308 quae
1962 1232 2211 1294 minime

244 1323 541 1392 suspecta
579 1324 738 1390 erat,
779 1315 1012 1390 impetu
1046 1317 1208 1376 facto
1238 1315 1436 1376 scalis·
1456 1317 1671 1376 urbem
1701 1316 1883 1392 cepit.
1947 1317 2202 1392 oppida-

241 1416 460 1464 norum
483 1401 680 1462 omnis
707 1399 1024 1461 multitudo
1051 1415 1189 1460 cum
1212 1399 1579 1474 coniugibus
1594 1415 1669 1460 ae
1688 1397 1897 1460 liberis
1916 1400 1981 1460 in
2002 1415 2205 1460 arcem

246 1485 549 1560 confugit,
595 1484 818 1546 deinde
858 1485 918 1543 in
953 1484 1324 1545 deditionem
1363 1484 1547 1543 venit.
1618 1484 1919 1560 pecuniae
1952 1485 2203 1560 aurique

243 1575 306 1628 ct
333 1568 568 1642 argenti
609 1568 771 1627 haud
817 1584 970 1628 sane
1007 1569 1262 1630 multum·
1285 1567 1427 1628 ruit=
1484 1567 1665 1644 signa
1689 1567 1934 1630 tabnuae
1962 1568 2207 1642 priscae

241 1651 390 1713 artis
441 1658 921 1727 ornamentaque
962 1652 1095 1712 eius
1135 1652 1381 1726 generis
1430 1653 1607 1726 plura
1652 1667 1835 1728 quam
1874 1668 1991 1728 pro
2032 1651 2206 1714 urbis

241 1734 657 1810 magnitudine·
697 1741 801 1795 aut
841 1735 1067 1810 opibus
1095 1735 1318 1795 ceteris
1346 1735 1609 1796 inventa.
1674 1735 1861 1796 xvu.
1909 1735 2205 1814 Carystus

239 1819 389 1880 inde
412 1819 687 1895 repetita,
727 1818 908 1891 unde,
941 1819 1298 1893 priusquam
1326 1835 1365 1878 e
1391 1819 1652 1880 navibus
1683 1820 1901 1894 copiae
1931 1835 2204 1895 expone·

178 1905 182 1909 ’
237 1908 478 1978 rentur,
522 1902 719 1964 omnis
759 1902 1079 1964 multitudo
1119 1903 1273 1964 urbe
1314 1903 1561 1964 deserta
1588 1903 1648 1964 in
1678 1919 1882 1964 arcem
1914 1903 2205 1979 confugit.

240 1987 384 2046 inde
432 1987 513 2047 ad
563 1986 748 2046 fidem
795 1988 872 2047 ab
913 1988 1189 2048 Romano
1241 1986 1568 2064 pet-endam
1619 1993 1896 2050 oratores
1947 1990 2206 2049 mittunt.

241 2069 570 2146 oppidanis
611 2071 922 2146 extemplo
963 2072 1088 2131 vita
1115 2086 1189 2132 ac
1217 2071 1468 2131 libertas
1502 2087 1807 2133 concessa
1835 2078 1959 2141 est3
2000 2072 2204 2135 Mace»

239 2152 508 2215 donibus
535 2153 764 2214 treceni
793 2156 1020 2214 numni
1047 2156 1107 2215 in
1139 2155 1342 2230 capita
1369 2161 1657 2216 statutum
1687 2155 1949 2231 pretium
1979 2163 2099 2231 est,
2144 2163 2212 2215 et

237 2244 306 2298 ut
333 2236 518 2298 armis
545 2237 781 2299 traditis
811 2237 1063 2300 abirent.
1107 2237 1225 2297 hac
1253 2254 1495 2299 summa
1518 2239 1820 2315 redempti
1849 2239 2116 2300 inermes
2135 2238 2201 2299 in

238 2318 559 2384 Boeotiam
602 2322 856 2383 traiecti.
915 2323 1168 2383 navales
1211 2323 1430 2398 copiae
1458 2322 1701 2383 duabus
1733 2324 1915 2384 claris
1945 2322 2201 2386 urbibus

237 2405 530 2467 Euboeae
571 2405 726 2465 intra
767 2406 900 2466 dies
943 2422 1180 2482 paucos
1224 2405 1419 2481 captis
1455 2408 1897 2469 circumvectae
1927 2405 2197 2486 Sunium,

237 2490 474 2549 Atticae
525 2494 724 2549 terrae
764 2489 1279 2564 promunturium,
1332 2488 1707 2566 Cenchreas,
1761 2490 2201 2553 Corinthiorum

239 2571 598 2649 emporium,
632 2572 955 2645 petierunt.
1027 2590 1034 2597 ·

408 2655 637 2715 Consul
687 2654 921 2715 interim
962 2658 1229 2719 omnium
1271 2674 1387 2733 spe
1430 2658 1769 2731 longiorem
1812 2659 2199 2721 atrociorem—

241 2753 362 2810 que
406 2738 930 2814 oppugnationem
968 2740 1208 2811 habaiu
1263 2746 1325 2801 et
1364 2757 1448 2801 ea
1486 2757 1607 2816 qua
1654 2742 1963 2805 minimum
2007 2744 2200 2803 credi-

235 2820 433 2883 disset
467 2822 840 2885 resistebant
874 2824 1108 2885 hostes.
1171 2840 1313 2885 nam
1352 2841 1593 2887 omnem
1631 2825 1905 2887 laborem
1934 2826 1995 2887 in
2025 2842 2201 2889 muro

237 2904 582 2966 crediderat
630 2906 929 2968 diruendo
986 2909 1148 2980 ἴσως
1219 2910 1274 2969 si
1319 2909 1547 2971 aditum
1596 2911 1841 2971 armatis
1883 2912 1943 2970 in
1986 2911 2204 2973 urbem

237 2990 660 3065 patefecisset,
705 2991 911 3067 fugam
953 2992 1100 3053 inde
1133 2994 1511 3069 caedemque
1538 2992 1805 3056 hostium
1836 2996 1967 3056 fore
2000 2995 2199 3069 qualis

236 3073 432 3147 captis
474 3074 733 3135 urbibus
771 3074 905 3136 fieri
935 3078 1112 3139 solet.
1183 3083 1451 3139 ceterum
1482 3084 1811 3153 postquam
1838 3085 2015 3154 parte
2042 3078 2196 3139 muri

234 3156 532 3219 arietibus·
568 3158 840 3221 decussa·
879 3174 991 3234 per
1029 3161 1203 3237 ipsas
1229 3162 1441 3223 ruinae
1474 3163 1983 3223 transcenderunt
2006 3164 2067 3223 in
2098 3179 2199 3223 ur·

231 3238 372 3299 bem
396 3241 624 3316 armati,
641 3242 788 3303 illud
801 3244 1169 3320 principium
1185 3248 1353 3307 velut
1365 3244 1519 3307 novi·
1532 3253 1723 3322 atque
1731 3244 1950 3323 integri
1971 3246 2197 3309 laboris

233 3322 359 3381 fuit.
423 3339 563 3383 nam
591 3324 994 3403 Macednum,
1038 3329 1144 3405 qui
1185 3330 1246 3389 in
1289 3328 1601 3405 praesidio
1644 3335 1819 3391 erant
1855 3332 2107 3391 etmulti
2138 3333 2201 3389 et

233 3404 480 3499 delecti,
525 3409 779 3482 gloriam
823 3412 1003 3472 etiam
1047 3413 1353 3488 egregiam
1391 3414 1536 3488 rati,
1581 3414 1634 3477 si
1675 3414 1859 3475 armis
1902 3414 2109 3489 potius
2137 3420 2203 3474 et

233 3491 452 3547 virtute
477 3507 660 3565 quam
681 3494 1006 3555 moenibus
1031 3496 1243 3556 urbem
1266 3501 1597 3572 tuerentur,
1623 3498 1899 3567 conserti,
1915 3497 2197 3573 pluribus
