2548 3950
609 269 842 331 LIBER
865 268 1107 333 XXXV.
1153 270 1430 334 CAP.15.
1453 282 1539 337 16.
1586 280 1658 347 [a.
1686 280 1751 333 c.
1773 281 1898 348 193]
2117 276 2243 341 189

267 422 502 499 regiam
553 422 779 492 tenuit;
835 424 1203 499 legatusque
1240 424 1557 486 Romanus
1599 440 1677 485 ne
1718 426 1919 488 alieno
1961 434 2240 503 tempore

266 506 697 569 incommodus
714 505 1164 583 obversaretur,
1178 506 1537 583 Pergamum
1553 511 1880 570 concessit.
1910 525 2023 571 rex
2034 511 2232 587 Ephe-

269 607 412 653 sum
439 591 674 653 omisso
706 590 874 667 quod
901 590 1299 652 inchoaverat
1324 592 1487 654 bello
1515 592 1692 655 redit.
1755 593 1839 655 ibi
1868 610 1981 670 per
2010 596 2238 657 luctum

265 674 443 751 regia
469 675 682 735 clausa
712 690 852 737 cum
877 674 1190 738 Minnione
1222 676 1519 752 quodam,
1555 677 1656 752 qui
1685 677 1978 754 princeps
2009 680 2235 740 amico-

266 775 404 821 rum
444 759 578 819 eius
621 767 782 833 erat,
827 766 1069 821 secreta
1109 761 1369 823 consilia
1395 761 1661 836 agitavit.
1723 760 1953 824 Minnio
1984 762 2237 839 ignarus

268 843 540 904 omnium
579 850 1001 918 externorum,
1048 843 1335 921 viresque
1374 846 1706 905 aestimans
1746 846 1910 921 regis
1942 862 2019 907 ex
2046 848 2235 910 rebus

269 929 328 987 in
355 924 538 1005 Syria
569 933 674 989 aut
689 926 846 989 Asia
865 927 1079 1003 gestis,
1110 945 1235 989 non
1259 944 1451 989 causa
1473 929 1658 989 modo
1682 926 2067 1003 superiorem
2090 946 2236 994 esse

271 1011 670 1087 Antiochum,
721 1012 890 1088 quod
939 1011 1100 1073 nihil·
1129 1012 1315 1089 aequi
1358 1014 1741 1087 postularent
1777 1013 2068 1088 Romani,
2120 1015 2237 1075 sed

267 1096 431 1155 bello
474 1111 723 1172 quoque
764 1101 1198 1171 superaturum
1227 1097 1536 1158 credebat.
1592 1096 1844 1171 fugienti
1871 1098 2004 1173 regi
2034 1098 2234 1160 disce-

265 1178 602 1257 ptationem
641 1195 781 1242 cum
821 1180 1068 1255 legatie,
1117 1196 1232 1243 seu
1255 1182 1375 1242 iam
1404 1188 1662 1256 experto
1693 1196 1831 1241 eam
1858 1183 2059 1243 minus
2089 1198 2233 1258 pro·

269 1278 518 1337 speram
559 1277 674 1324 seu
711 1278 992 1325 maerore
1031 1266 1262 1326 recenti
1306 1266 1563 1327 confuso
1580 1311 1595 1340 ,
1641 1268 1966 1341 professus
2000 1266 2232 1327 Minnio

267 1361 342 1407 se
368 1361 528 1422 quae
555 1363 670 1424 pro
701 1362 894 1408 causa
921 1355 1134 1408 essent
1165 1349 1467 1409 dicturum
1496 1348 1825 1424 persuasit,
1852 1357 1921 1411 ut
1948 1366 1986 1409 a
2011 1350 2231 1424 Perga-

265 1447 368 1493 mo
397 1437 858 1493 arcesserentur
878 1432 1081 1506 legati.
1120 1432 1282 1493 XVI.
1326 1431 1446 1491 iam
1469 1433 1865 1495 convaluerat
1886 1431 2231 1508 Sulpicius3

263 1516 476 1594 itaque
513 1516 695 1577 ambo
735 1514 1056 1591 Ephesum
1094 1522 1410 1577 venerunt.
1472 1530 1588 1576 rex
1627 1532 1664 1575 a
1688 1516 2003 1580 MInnione
2043 1532 2231 1579 excu-

265 1606 471 1675 satuS,
514 1606 578 1661 et
619 1600 888 1661 absente·
915 1616 992 1662 eo
1035 1598 1136 1675 agi
1174 1616 1279 1661 res
1322 1608 1543 1675 coepta
1571 1607 1683 1661 est.
1749 1600 1832 1661 ibi
1861 1609 2233 1677 praeparata

264 1684 542 1746 oratione
561 1682 794 1745 Minnio
823 1685 1156 1761 „specioso
1178 1683 1395 1747 titulo“
1423 1685 1622 1761 inquit
1648 1686 1773 1759 „uti
1795 1702 1927 1761 voS,
1950 1685 2231 1761 Romani,

265 1768 638 1829 Graecarum
707 1768 1037 1830 civitatium
1097 1768 1551 1831 liberandarum
1605 1770 1821 1830 video=
1899 1770 2015 1831 sed
2069 1772 2234 1831 facta

262 1858 475 1913 vestra
517 1852 774 1914 orationi
814 1868 940 1913 non
983 1854 1387 1925 conveniunt3
1432 1862 1493 1915 et
1534 1853 1698 1914 aliud
1729 1854 2037 1917 Antiocho
2079 1854 2229 1916 iuris

264 1936 597 2012 statuistiS‚
649 1937 770 2002 alio
812 1938 935 2014 ipsi
983 1937 1235 2000 utimini.
1310 1938 1413 2015 qui
1454 1938 1615 2000 enim
1662 1938 1859 2014 magis
1906 1937 2230 2018 Smyrnaei

259 2021 794 2098 Lampsacenique
837 2022 1052 2083 Graeci
1093 2031 1236 2084 sunt
1278 2039 1461 2097 quam
1500 2021 1884 2098 Neapolitani
1928 2030 1987 2084 et
2012 2022 2227 2099 Regini

261 2113 325 2166 et
345 2106 673 2181 Tarentini,
703 2121 742 2165 a
770 2105 994 2180 quibus
1025 2107 1415 2183 stipendium,
1448 2123 1486 2166 a
1510 2105 1733 2180 quibus
1770 2123 1961 2168 naves
1992 2123 2072 2167 ex
2100 2109 2229 2168 foe-

260 2189 411 2250 dere
439 2189 680 2264 exigitis
695 2197 726 2248 ?
765 2206 876 2250 cur
903 2189 1251 2269 Syracusas
1281 2198 1464 2266 atque
1491 2189 1553 2249 in
1584 2190 1735 2250 alias
1766 2188 2012 2251 Siciliae
2042 2191 2228 2251 Grae-

262 2289 371 2334 cas
413 2274 604 2335 urbes
647 2281 992 2349 praetorem
1035 2275 1362 2351 quotannis
1407 2289 1544 2333 cum
1573 2273 1832 2347 imperio
1864 2281 1924 2334 et
1950 2274 2139 2348 virgis
2170 2281 2231 2333 et

249 2358 587 2418 securibus
616 2359 889 2420 mittitis?
929 2358 1078 2419 nihil
1100 2357 1268 2418 aliud
1289 2357 1568 2434 profecto
1593 2356 1811 2418 dicatis
1838 2373 2019 2432 quam
2042 2356 2227 2417 armis

255 2443 567 2518 superatis
594 2457 710 2504 vos
734 2442 808 2502 iis
831 2443 948 2504 has
969 2445 1142 2517 leges
1163 2439 1558 2518 imposuisse.
1589 2438 1849 2502 eandem
1868 2441 1945 2501 de
1960 2439 2230 2519 Smyrna

255 2526 603 2602 Lampsaco
657 2525 1128 2602 civitatibusque
1171 2543 1332 2603 quae
1372 2525 1579 2586 Ioniae
1620 2531 1724 2586 aut
1764 2525 2043 2586 Aeolidis
2085 2532 2229 2586 sunt

254 2625 514 2671 causam
538 2608 613 2670 ab
634 2610 940 2672 Antiocho
965 2611 1242 2686 accipite.
1276 2610 1437 2672 bello
1462 2615 1786 2684 superatas
1812 2626 1848 2669 a
1870 2608 2225 2684 maioribuS,

255 2694 692 2770 stipendiarias
733 2709 806 2754 ac
833 2693 1168 2768 vectigales
1200 2695 1394 2754 factas
1423 2694 1486 2754 in
1515 2692 1833 2768 antiquum
1861 2693 1956 2754 ius
1986 2694 2225 2769 repetit.

252 2778 470 2854 itaque
507 2777 590 2838 ad
628 2777 784 2838 haec
825 2779 882 2839 ei
909 2777 1278 2854 responderi
1318 2776 1529 2852 velim,
1572 2776 1628 2838 si
1670 2793 1753 2838 ex
1792 2793 1995 2853 aequo
2026 2778 2225 2838 disce-

252 2868 467 2936 ptatur
512 2868 574 2923 et
620 2877 746 2923 non
796 2862 942 2924 belli
992 2877 1182 2924 causa
1232 2863 1604 2938 quaeritur.“
1674 2862 1756 2923 ad
1798 2877 1874 2922 ea
1914 2861 2225 2937 Sulpicius

254 2946 448 3020 ,·,fecit
491 2947 883 3009 verecunde“
931 2945 1131 3021 inquit
1176 2946 1593 3023 ‚,Antiochu8,
1644 2945 1779 3021 qui,
1834 2946 1888 3005 si
1938 2947 2059 3006 alia
2108 2962 2224 3021 pro

256 3044 452 3092 causa
505 3030 639 3091 eius
693 3046 816 3092 non
868 3036 1040 3090 erant
1093 3046 1254 3106 quae
1306 3030 1683 3103 dicerentur,
1738 3029 2068 3103 quemlibet
2109 3031 2228 3088 ista

257 3129 448 3188 quam
477 3129 549 3176 se
577 3112 784 3176 dicere
811 3112 1040 3176 maluit.
1087 3113 1235 3189 quid
1265 3113 1425 3174 enim
1456 3110 1653 3174 simile
1682 3111 1867 3172 habet
1896 3109 2227 3173 civitatium

254 3213 471 3260 earum
501 3214 660 3274 quas
683 3197 1058 3275 comparasti
1081 3203 1314 3258 causa?
1354 3196 1431 3256 ab
1452 3195 1703 3271 Reginis
1728 3201 1789 3255 et
1808 3194 2224 3270 Neapolitanis

253 3287 321 3341 et
360 3281 735 3359 TarentiniS,
787 3299 867 3344 ex
911 3298 1037 3359 quo
1078 3281 1140 3342 in
1179 3285 1455 3343 nostram
1498 3285 1799 3340 venerunt
1842 3285 2221 3355 potestatem,

251 3374 475 3427 unoet
500 3374 802 3444 perpetuo
833 3375 1047 3428 tenore
1074 3366 1244 3441 iuris,
1276 3379 1524 3439 semper
1543 3370 1861 3440 usurpato,
1894 3379 2223 3439 numquam

251 3447 664 3524 intermisso,
691 3466 852 3530 quae
893 3467 972 3510 ex
1013 3451 1268 3510 foedere
1308 3449 1535 3510 debent
1576 3449 1897 3524 exigimus.
1963 3455 2224 3525 potesne

251 3534 505 3594 tandem
549 3533 784 3611 dicere,
826 3542 895 3596 ut
930 3536 990 3601 ii,
1015 3533 1227 3610 populi
1269 3549 1392 3594 non
1434 3546 1548 3609 per
1590 3548 1689 3608 se,
1730 3548 1855 3594 non
1895 3547 2012 3608 per
2039 3532 2223 3593 alium
