2548 3950
329 236 370 297 4
675 235 905 294 LIBER
926 235 1134 294 XXXI.
1181 233 1348 294 CAR.
1369 241 1423 294 4.
1448 245 1499 295 5.
1544 239 1712 307 [au.
1739 239 1934 306 c.551]

327 385 626 446 Caecilius
668 384 952 444 Metellus
993 382 1058 442 C.
1086 389 1146 442 et
1173 381 1253 441 M.
1288 380 1528 443 Servilii
1561 417 1634 428 -
1668 383 1935 445 Geminis
1978 386 2289 450 ambobus

325 482 666 544 cognomen
717 475 848 528 erat
877 501 986 539 -,
1035 466 1101 524 L.
1145 474 1206 526 et
1250 467 1327 524 A.
1368 466 1613 527 Hostilii
1654 467 1915 528 Catones
1954 466 2019 527 P.
2058 471 2287 532 Villius

321 553 636 628 Tappulus
658 551 737 610 Μ.
759 549 1012 612 Fulvius
1034 549 1293 610 Flaccus
1314 549 1381 613 P.
1404 550 1618 612 Aelius
1638 549 1861 612 Paetus
1882 553 1947 612 T.
1965 551 2287 626 Quinctius

323 635 714 697 Flamininus

483 719 600 780 Per
639 735 749 780 eos
781 717 914 777 dies
944 716 1009 776 P.
1040 716 1217 778 Aelio
1249 719 1504 778 consule
1534 717 1777 778 comitia
1802 716 2065 780 habente
2096 720 2288 782 creati

324 804 612 864 consules
640 801 706 862 P.
739 797 1051 876 Sulpicius
1083 800 1274 866 Galba
1303 801 1365 861 C.
1398 802 1683 862 Aurelius
1716 801 1902 862 Cotta.
1959 811 2285 877 praetores

323 887 546 948 exinde
575 887 716 948 raeti
749 885 815 960 Q.
838 883 1142 946 Minucius
1169 884 1368 945 Rufus
1392 885 1457 943 L.
1481 885 1699 948 Furius
1722 883 2023 960 Purpurio
2050 885 2119 960 Q.
2142 887 2285 952 Eul-

320 971 459 1031 vius
503 970 655 1031 Gillo
705 970 766 1030 C.
809 967 1061 1042 Sergius
1101 967 1383 1028 Plancus.
1456 967 1582 1027 ludi
1621 966 1877 1028 Romani
1929 969 2163 1032 scenici
2206 987 2284 1032 eo

321 1071 482 1114 anno
523 1053 845 1128 magnifice
888 1057 1311 1127 apparateque
1352 1052 1495 1111 facti
1524 1051 1600 1110 ab
1632 1049 1933 1112 aedilibus
1965 1053 2288 1116 curulibus

321 1138 387 1196 L.
419 1136 668 1197 Valerio
710 1136 932 1196 Flacco
977 1144 1036 1194 et
1077 1136 1142 1194 T.
1175 1133 1452 1208 Quinctio
1482 1133 1841 1196 Flaminino.
1910 1135 2165 1198 biduum
2194 1138 2283 1198 in-

321 1226 656 1280 stauratum
687 1227 799 1278 est.
847 1217 1254 1292 frumentique
1276 1219 1397 1278 vim
1422 1218 1743 1294 ingentem,
1777 1219 1944 1294 quod
1969 1235 2048 1279 ex
2070 1221 2287 1282 Africa

320 1305 383 1364 P.
419 1303 628 1379 Scipio
669 1301 948 1375 miserat,
1005 1301 1316 1376 quaternis
1368 1303 1531 1364 aeris
1584 1303 1818 1377 populo
1861 1319 2000 1363 cum
2043 1321 2286 1366 summa

320 1388 444 1448 fide
475 1394 534 1447 et
562 1388 756 1462 gratia
787 1386 1144 1448 diviserunt.
1211 1393 1272 1446 et
1298 1385 1535 1461 plebeii·
1552 1386 1679 1445 ludi
1707 1394 1797 1444 ter
1825 1385 1933 1447 toti
1963 1385 2287 1450 instaurati

319 1472 396 1530 ab
429 1471 728 1532 aedilibus
759 1470 921 1544 plebi
951 1470 1016 1528 L.
1045 1470 1309 1544 Apustio
1337 1468 1593 1529 Fullone
1623 1477 1683 1530 et
1713 1470 1779 1542 Q.
1804 1469 2071 1532 Minucio
2098 1473 2283 1546 Rufo,

321 1554 424 1630 qui
468 1570 547 1612 ex
587 1553 891 1613 aedilitate
934 1561 1180 1628 praetor
1223 1559 1463 1613 creatus
1508 1560 1653 1613 erat.
1728 1562 1788 1613 et
1828 1554 1994 1614 Iovis⁴
2034 1557 2285 1630 epulum

321 1637 431 1698 fuit
459 1637 741 1698 ludorum
774 1651 981 1696 causa.

480 1721 557 1778 V.
602 1721 784 1780 Anno
829 1719 1317 1794 quingentesimo
1352 1719 1861 1796 quinquagesimo
1892 1723 2171 1784 secundo
2206 1723 2282 1785 ab.

319 1804 469 1864 urbe
513 1804 788 1876 condita,
838 1801 903 1860 P.
947 1802 1218 1877 Sulpicio
1263 1803 1456 1863 Galba
1500 1803 1561 1863 C.
1600 1804 1851 1864 Aurelio
1897 1805 2279 1881 consulihuS‚

320 1887 543 1948 bellum
585 1903 722 1947 cum
763 1901 912 1960 rege
950 1886 1232 1962 Philippo
1274 1887 1487 1948 initum
1528 1894 1651 1963 est,
1702 1888 1920 1962 paucis
1962 1890 2281 1951 mensibus

317 1980 463 2048 post
503 1986 718 2045 pacem
764 1969 1363 2046 Carthaginiensibus
1410 1972 1629 2032 datam.
1706 1972 1973 2035 omnium
2015 1973 2281 2050 primum

319 2071 453 2115 eam
482 2070 611 2113 rem
645 2053 850 2115 idibus
880 2054 1129 2130 Martiis,
1172 2072 1295 2131 quo
1326 2057 1427 2116 die
1454 2066 1579 2116 tum
1610 2058 1967 2117 consulatus
1995 2058 2281 2133 inibatur,

315 2139 377 2198 P.
411 2138 720 2213 Sulpicius
751 2140 968 2199 consul
997 2141 1241 2211 rettulit,
1288 2148 1665 2215 senatusque
1696 2140 1981 2213 decrevit,
2018 2142 2100 2202 uti
2131 2157 2281 2203 con-

315 2225 484 2285 sules
515 2223 848 2285 maioribus
873 2223 1092 2284 hostiis
1122 2239 1254 2284 rem
1282 2222 1550 2285 divinam
1580 2226 1864 2299 facerent,
1898 2225 2001 2303 qui
2012 2225 2125 2289 bus
2160 2225 2281 2287 diis

314 2306 467 2383 ipsis
508 2308 846 2383 videretur,
889 2324 1027 2369 cum
1059 2308 1413 2384 precatione
1442 2325 1548 2384 ea,
1595 2308 1763 2385 quod
1794 2321 2044 2372 senatus
2076 2326 2279 2385 popu-

311 2393 536 2466 lusque
555 2392 871 2453 Romanus
902 2395 980 2452 de
1008 2408 1077 2451 re
1102 2392 1353 2469 publica
1382 2394 1587 2469 deque
1616 2393 1885 2455 ineundo
1917 2407 2081 2455 novo
2110 2394 2279 2455 bello

312 2474 375 2533 in
415 2474 616 2535 animo
659 2474 946 2548 haberet,
991 2491 1066 2535 ea
1103 2490 1205 2533 res
1245 2476 1332 2535 uti
1378 2478 1608 2551 populo
1638 2478 1915 2539 Romano
1959 2475 2279 2553 sociisque

313 2572 388 2617 ac
430 2558 658 2618 nomini
697 2557 912 2618 Latino
954 2558 1114 2618 bene
1157 2574 1229 2617 ac
1271 2558 1523 2621 feliciter
1564 2562 1867 2631 eveniret;
1934 2562 2277 2623 secundum

311 2657 442 2701 rem
473 2640 750 2701 divinam.
771 2642 1310 2717 precationemque
1339 2648 1407 2703 ut
1433 2644 1512 2703 de
1537 2660 1607 2704 re
1636 2646 1883 2720 publica
1902 2644 2108 2719 deque
2130 2661 2277 2720 pro·

311 2725 530 2785 vinciis
563 2730 841 2786 senatum
871 2727 1280 2789 consulerent.
1326 2742 1437 2802 per
1464 2742 1577 2789 eos
1609 2728 1742 2790 dies
1774 2735 2121 2804 opportune
2143 2729 2276 2789 irri-

313 2810 512 2869 tandis
554 2811 632 2869 ad
673 2808 900 2869 bellum
941 2809 1159 2869 animis
1199 2814 1258 2869 et
1298 2810 1531 2871 litterae
1570 2812 1649 2872 ab
1677 2810 1757 2873 Μ.
1788 2812 2039 2875 Aurelio
2071 2812 2277 2887 legato

313 2899 374 2952 et
399 2891 480 2951 Μ.
510 2892 758 2952 Valerio
789 2892 1057 2952 Laevino
1100 2902 1505 2968 propraetore
1538 2895 1807 2969 adlatae,
1851 2905 1911 2955 et
1938 2894 2276 2957 Athenien·

313 2974 471 3035 sium
502 2992 664 3035 nova
691 2974 913 3049 legatio
943 2977 1136 3049 venit,
1180 2994 1340 3050 quae
1367 2993 1575 3055 regern
1605 2979 2108 3055 appropinquare
2138 2979 2267 3040 fini-

313 3060 428 3119 bus
471 3060 601 3119 suis
631 3059 959 3131 nuntiaret,
1003 3060 1303 3135 brevique
1329 3078 1453 3125 non
1484 3078 1666 3137 agros
1698 3063 1880 3124 modo
1912 3063 2026 3123 scd
2056 3062 2273 3123 urbem

311 3142 492 3202 etiam
521 3142 579 3202 in
612 3143 853 3205 dicione
882 3144 1018 3203 eius
1042 3144 1318 3217 futuram,
1350 3145 1467 3206 nisi
1492 3147 1640 3221 quid
1659 3147 1721 3206 in
1744 3147 2035 3209 Romanis
2058 3144 2274 3207 auxilii

313 3226 484 3286 roret.
544 3243 680 3287 cum
720 3228 1176 3288 renuntiassent
1216 3231 1503 3290 consules
1532 3246 1661 3289 rem
1691 3230 1957 3289 divinam
1984 3230 2101 3289 rite
2130 3246 2263 3305 per·

310 3314 506 3369 actam
558 3325 730 3385 esse,
773 3316 834 3370 et
874 3312 1206 3386 precationi
1251 3312 1545 3373 adnuisse
1587 3313 1740 3374 deos
1779 3313 2143 3388 haruspices
2173 3330 2245 3373 re

309 3394 648 3469 spondere,
701 3396 984 3470 laetaque
1035 3402 1178 3457 exta
1229 3396 1452 3471 fuisse,
1505 3404 1564 3457 et
1612 3396 2016 3471 prolationem
2057 3397 2271 3457 finium

309 3474 746 3554 victoriamque
776 3484 836 3537 et
864 3478 1232 3553 triumphum
1262 3481 1574 3554 portendi,
1617 3489 1742 3540 tum
1772 3480 2007 3561 litterae
2032 3478 2265 3542 Valerii
