2548 3950
289 175 373 237 86
559 174 788 235 LIBER
818 174 1078 234 XXXIlI.
1128 173 1294 234 CAP.
1323 183 1374 234 3.
1399 181 1452 234 4.
1475 183 1528 234 5.
1574 179 1646 246 [a.
1671 178 1742 230 U.
1769 195 1816 230 c.
1845 179 1969 245 555]

291 332 746 401 exspectasset,
798 325 1117 385 confestim
1162 323 1474 398 Quinctius
1523 322 1715 384 movit
1761 329 1982 385 castra.
2050 331 2255 386 trans·

288 423 509 484 gresso
552 409 614 467 in
642 406 1044 469 Phthioticum
1086 422 1296 482 agrum
1342 405 1651 481 quingenti
1695 407 1977 484 Gortynii
2006 407 2257 468 Creten-

290 493 450 552 sium
480 491 638 551 duce
662 491 953 569 Cydante,
987 497 1046 551 et
1066 491 1318 551 trecenti
1339 489 1787 565 Apolloniatae,
1817 490 1984 550 haud
2014 491 2251 565 dispari

291 582 558 648 armatu,
599 589 670 634 se
712 574 1117 648 coniunxere,
1157 589 1274 634 nec
1315 572 1399 634 ita
1439 574 1625 634 multo
1667 581 1815 649 post
1849 574 2255 652 Amynander

293 676 428 718 cum
474 658 880 719 Athamanum
931 658 1200 732 peditum
1251 656 1528 717 ducentis
1570 663 1632 716 et
1675 658 1856 718 mille.
1927 657 2253 734 Philippus

293 742 536 816 cognita
558 741 939 816 profectione
960 739 1036 800 ab
1050 741 1244 802 Elatia
1254 740 1687 814 Romanorum,
1703 747 1770 801 ut
1792 741 1887 802 cui
1911 741 1992 802 de
2014 757 2256 802 summa

289 842 490 884 rerum
522 826 772 886 adesset
798 831 1122 898 certamen,
1154 823 1568 885 adhortandos
1598 824 1817 885 milites
1845 831 2034 899 ratuS‚
2066 826 2256 887 multa

289 912 410 968 iam
464 924 653 982 saepe
701 915 1035 970 memorata
1074 908 1153 969 de
1200 907 1500 969 maiorum
1546 908 1897 983 virtutibuS,
1949 908 2134 969 simul
2175 910 2256 969 de

289 992 530 1052 militari
572 992 753 1053 laude
782 991 1187 1052 Macedonum
1228 1007 1366 1053 cum
1404 992 1830 1065 disseruisset,
1874 992 1955 1052 ad
1984 1007 2059 1052 ea
2091 1007 2256 1066 quae

289 1084 416 1136 tum
440 1076 700 1134 maxime
720 1075 956 1135 animos
978 1075 1304 1149 terrebant,
1330 1075 1680 1150 quibusque
1701 1075 1852 1150 erigi
1881 1076 1960 1135 ad
1983 1075 2263 1150 aliquam-

291 1176 466 1234 spem
506 1163 815 1232 poterant,
856 1156 1041 1218 venit.
1101 1159 1205 1216 1v.
1250 1164 1541 1233 acceptae
1583 1159 1663 1218 ad
1686 1160 1888 1220 Aoum
1933 1157 2255 1221 flumenin

291 1242 590 1316 angustiis
622 1241 781 1302 cladi
810 1246 904 1300 ter
932 1255 970 1299 a
994 1240 1400 1302 Macedonum
1428 1243 1734 1318 phalange
1764 1242 1842 1302 ad
1870 1245 2164 1304 Atracem
2192 1243 2256 1302 vi

288 1328 506 1400 pulsos
538 1326 849 1388 Romanos
897 1325 1268 1401 opponebat.
1334 1333 1396 1387 et
1423 1325 1543 1385 illic
1571 1332 1794 1400 tamen,
1835 1325 1941 1386 ubi
1969 1325 2253 1387 insessas

289 1412 504 1470 fauces
528 1408 695 1485 Epiri
716 1426 841 1470 non
865 1409 1222 1483 tenuissent,
1252 1410 1508 1485 primam
1531 1410 1772 1486 culpam
1798 1409 1992 1469 fuisse
2015 1424 2255 1483 eorum,

291 1496 395 1568 qui
440 1496 831 1567 neglegenter
872 1494 1187 1555 custodias
1217 1499 1602 1567 servassent,
1649 1493 1986 1554 secundam
2012 1492 2076 1552 in
2108 1493 2252 1568 ipso

291 1576 617 1634 certamine
656 1575 810 1636 levis
865 1584 1206 1638 armaturae
1255 1576 1933 1653 mercennariorumque
1977 1577 2234 1637 militum

287 1660 693 1717 Macedonum
721 1674 871 1719 vero
916 1659 1284 1736 phalangem
1313 1666 1374 1719 et
1400 1666 1544 1720 tunc
1573 1661 1850 1735 stetisse,
1892 1665 1952 1720 et
1977 1661 2119 1720 loco
2150 1675 2257 1720 ae·

293 1758 414 1816 quo
460 1742 745 1816 iustaque
786 1758 995 1818 pugna
1022 1758 1269 1818 semper
1294 1758 1644 1803 mansuram
1670 1743 1972 1804 invictam.
2035 1743 2257 1803 decem

289 1834 350 1886 et
378 1842 492 1884 sex
522 1821 686 1884 milia
724 1825 975 1887 militum
1015 1825 1171 1886 haec
1200 1827 1402 1899 suere,
1442 1826 1632 1887 robur
1660 1842 1840 1888 omne
1865 1827 2086 1888 virium
2115 1826 2277 1888 eius«

287 1910 478 1982 regni.
536 1907 613 1966 ad
654 1907 776 1969 hoc
813 1908 940 1971 duo
967 1903 1131 1970 milia
1153 1915 1603 1986 caetratorum,
1629 1926 1786 1993 quos
1817 1913 2110 1986 peltastas
2141 1926 2257 1986 ap-

291 1994 546 2066 pellant,
592 1992 1015 2072 Thracumque
1055 2001 1116 2056 et
1153 1994 1500 2073 Illyriorum
1530 2028 1603 2040 —-
1637 1994 1850 2054 Trallis
1890 2002 1986 2055 est
2025 2010 2256 2054 nomen

289 2078 452 2148 genti
474 2108 558 2122 --
584 2092 698 2150 par
739 2092 1030 2140 numerus
1064 2078 1207 2138 bina
1232 2079 1399 2138 milia
1425 2086 1626 2152 erant,
1667 2086 1730 2139 et
1755 2080 1924 2140 mixti
1952 2094 2032 2137 ex
2062 2078 2255 2153 pluri-

291 2158 406 2221 bus
450 2161 733 2235 gentibus
775 2162 1063 2223 mercede
1107 2161 1394 2223 conducti
1424 2162 1752 2223 auxiliares
1781 2163 1943 2222 mille
1971 2163 2164 2221 ferme
2193 2170 2258 2223 et

291 2245 623 2321 quingenti,
647 2253 707 2307 et
728 2245 851 2307 duo
875 2246 1040 2307 milia
1061 2245 1352 2321 equitum.
1390 2262 1528 2307 cum
1548 2245 1625 2306 iis
1650 2246 1847 2322 copiis
1872 2262 1984 2305 rex
2008 2244 2256 2306 hostem

289 2331 742 2403 opperiebatur.
785 2330 1079 2391 Romanis
1110 2332 1304 2391 ferme
1327 2345 1440 2406 par
1461 2344 1748 2390 numerus
1771 2336 1931 2390 erat:
1975 2328 2254 2404 equitum

287 2415 484 2485 copiis
516 2419 762 2488 tantum,
794 2417 965 2488 quod
989 2414 1194 2476 Aetoli
1222 2420 1632 2487 accesserant,
1663 2414 2055 2488 superabant.

454 2499 530 2553 V.
576 2494 890 2568 Quinctius
935 2498 1015 2557 ad
1038 2496 1280 2557 Thebas
1306 2493 1676 2559 Phthioticas
1719 2504 1922 2557 castra
1952 2511 2087 2556 cum
2116 2512 2252 2558 mo—

285 2579 496 2651 visset,
524 2592 699 2653 spem
722 2585 939 2642 nactus
959 2596 1074 2655 per
1084 2579 1396 2641 Timonem
1418 2580 1758 2657 principem
1783 2581 2049 2641 civitatis
2064 2580 2250 2655 prodi
2282 2606 2286 2609 ·

285 2663 516 2735 urbem,
552 2676 686 2720 cum
716 2662 934 2735 paucis
962 2664 1233 2738 equitum
1260 2664 1541 2739 levisque
1569 2671 1910 2725 armaturae
1933 2664 2013 2724 ad
2034 2679 2251 2723 muros

287 2745 606 2803 successit.
672 2743 755 2804 ibi
796 2744 953 2807 adeo
995 2748 1283 2809 frustrata
1323 2763 1474 2823 spes
1515 2756 1638 2821 est,
1677 2753 1744 2808 ut
1783 2764 1906 2809 non
1941 2754 2250 2807 certamen

285 2827 470 2885 modo
528 2842 663 2887 cum
715 2832 1171 2904 erumpentibus
1220 2831 1337 2893 sed
1385 2831 1724 2906 periculum
1774 2845 2026 2908 quoque
2067 2836 2250 2891 atrox

287 2911 548 2983 subiret,
604 2910 666 2969 ni
708 2913 925 2973 castris
978 2914 1159 2975 exciti
1197 2922 1451 2990 repente
1490 2915 1730 2991 pedites
1773 2914 2142 2991 equitesque
2186 2914 2250 2973 in

283 3003 560 3067 tempore
576 2994 1029 3057 subvenissent.
1059 3004 1119 3058 et
1139 3006 1470 3073 postquam
1490 2998 1637 3059 nihil
1652 3004 1991 3074 conceptae
2016 3004 2253 3057 temere

285 3081 420 3151 spei
474 3078 871 3153 succedebat,
922 3080 1093 3142 urbis
1145 3081 1393 3155 quidem
1437 3082 1697 3157 amplius
1750 3081 2142 3157 temptandae
2186 3081 2249 3140 in

285 3163 633 3233 praesentia
676 3168 899 3224 conatu
942 3164 1211 3225 absistit:
1270 3171 1537 3225 ceterum
1579 3165 1729 3225 satis
1769 3180 2001 3239 gnarus
2031 3165 2153 3223 iam
2185 3164 2249 3223 in

283 3243 602 3303 Thessalia
629 3259 837 3318 regem
865 3262 1027 3319 esse,
1058 3248 1329 3312 nondum
1359 3254 1692 3322 comperto,
1739 3264 1922 3323 quam
1952 3247 2012 3308 in
2040 3248 2251 3321 regio-

289 3341 426 3381 nem
458 3327 756 3397 venisset‚
800 3329 1017 3390 milites
1047 3347 1160 3405 per
1188 3344 1374 3403 agros
1405 3330 1694 3390 dimissos
1724 3331 1950 3391 vallum
1980 3331 2251 3391 caedere

287 3411 350 3461 et
396 3423 608 3477 parare
648 3407 831 3466 iubet.
899 3412 1058 3472 vallo
1099 3421 1159 3473 et
1184 3412 1557 3475 Macedones
1599 3420 1661 3473 et
1691 3414 1907 3475 Graeci
1937 3414 2033 3477 usi
2065 3420 2250 3483 suntg
