2548 3950
411 228 540 290 204
707 228 942 287 LIBER
965 228 1206 287 XXXV.
1253 226 1420 287 CAP.
1442 235 1530 287 32.
1554 233 1643 289 33.
1690 234 1761 300 [a.
1792 232 1855 283 U.
1882 249 1930 285 c.
1956 232 2083 299 560]

410 385 708 445 adversus
739 381 906 457 regis
935 383 1199 457 legatum
1228 379 1543 441 auderent.
1586 379 2001 441 Athenienses
2022 378 2295 440 maxime
2316 380 2369 439 in

411 484 548 528 eam
573 482 706 527 rem
732 465 939 527 idonei
965 466 1086 525 visi
1115 470 1262 525 sunt
1289 470 1538 539 propter
1570 469 1631 523 et
1652 463 1910 525 civitatis
1934 462 2295 537 dig-nitatem
2316 471 2369 523 et

411 556 712 612 vetustam
751 550 1107 611 societatem
1137 563 1279 609 cum
1304 548 1560 608 Aetolis.
1616 548 1694 608 ab
1736 546 1811 608 iis
1842 546 2163 621 Quinctius
2208 548 2365 621 petit,

409 642 477 696 ut
513 636 753 711 legatos
791 634 874 695 ad
911 632 1366 693 Panaetolicum
1406 630 1729 691 concilium
1779 632 2105 693 mitterent.
2171 630 2365 691 Thoas

410 718 644 795 primus
686 719 748 778 in
788 734 867 779 eo
911 716 1171 777 concilio
1211 714 1581 775 renuntiavit
1606 714 1993 789 legationem.
2034 712 2363 789 Menippus

411 809 557 879 post
583 818 724 861 eum
753 800 1142 861 intromissus
1173 799 1467 874 optimum
1508 799 1703 859 fuisse
1731 798 2017 859 omnibus
2046 797 2156 873 qui
2188 797 2361 859 Grae-

410 887 566 947 ciam
593 885 933 961 Asiamque
962 884 1301 945 incolerent
1324 884 1437 957 ait,
1466 883 1718 958 integris
1744 883 1933 942 rebus
1960 881 2235 957 Philippi
2262 898 2360 957 po-

411 969 604 1031 tuisse
645 968 1010 1031 intervenire
1049 966 1420 1029 Antiochum
1434 988 1451 1023 ε
1516 982 1634 1027 sua
1672 982 1982 1043 quemque
2022 965 2358 1027 habiturum

409 1054 637 1125 fuisse,
676 1068 880 1129 neque
921 1052 1124 1113 omnia
1164 1050 1282 1111 sub
1323 1058 1531 1110 nutum
1575 1050 2003 1125 dicionemque
2029 1051 2355 1110 Romanam

411 1143 797 1211 perventura.
850 1151 1054 1209 „nunc
1097 1140 1389 1210 quoque‘ff
1428 1134 1650 1211 inquit,
1693 1134 1792 1209 „si
1831 1133 2018 1195 modo
2048 1150 2166 1195 vos
2211 1148 2357 1209 quae

409 1218 744 1280 inchoastis
785 1219 1045 1280 consilia
1084 1224 1435 1279 constanter
1472 1218 1805 1294 perducitis
1832 1219 1914 1278 ad
1942 1218 2204 1291 exitum,
2258 1234 2353 1293 po-

408 1303 548 1364 terit
574 1303 692 1363 diis
733 1303 1080 1364 iuvantibus
1111 1308 1174 1363 et
1196 1302 1437 1364 Aetolis
1477 1303 1666 1364 sociis
1697 1302 2041 1363 Antiochus
2082 1302 2354 1377 quamvis

409 1387 727 1448 inclinatas
753 1387 1045 1449 Graeciae
1069 1402 1174 1447 res
1201 1388 1527 1448 restituere
1554 1387 1617 1446 in
1648 1385 1964 1463 pristinam
1992 1385 2355 1460 dignitatem

407 1487 484 1531 ea
523 1479 727 1532 autem
763 1474 825 1532 in
867 1472 1144 1532 libertate
1185 1470 1386 1548 posita
1425 1479 1549 1545 est,
1593 1486 1754 1545 quae
1794 1471 1925 1530 suis
1958 1475 2083 1529 stat
2109 1469 2349 1545 viribuS,

407 1571 531 1615 non
561 1570 643 1615 cx
669 1556 871 1617 alieno
901 1555 1151 1616 arbitrio
1181 1554 1471 1631 pendet.“
1510 1554 1953 1628 Athenienses,
1986 1554 2213 1629 quibus
2244 1555 2356 1629 pri-

405 1638 522 1698 mis
552 1646 698 1713 post
722 1640 954 1713 regiam
982 1639 1349 1714 legationem
1378 1638 1622 1699 dicendi
1657 1654 1816 1713 quac
1836 1638 2067 1700 vellent
2088 1645 2354 1713 potestas

407 1722 568 1780 facta
617 1730 740 1795 est,
787 1722 1097 1783 mentione
1148 1723 1314 1783 omni
1358 1722 1523 1797 regis
1575 1722 2013 1799 praetermissa
2050 1723 2355 1785 Romanae

405 1804 720 1865 societatis
746 1806 1004 1867 Aetolos
1047 1806 1528 1884 meritorumque
1568 1808 1629 1866 in
1668 1807 2017 1868 universam
2046 1806 2353 1868 Graeciam

403 1886 470 1945 T.
501 1888 760 1962 Quinctii
787 1890 1264 1963 admonuerunt,
1316 1905 1397 1952 ne
1424 1899 1652 1952 temere
1680 1906 1816 1953 eam
1842 1890 2028 1951 nimia
2056 1891 2353 1951 celeritate

406 1972 802 2036 consiliorum
827 1983 1186 2036 everterent.
1243 1977 1503 2038 consilia
1542 1974 1742 2036 calida
1778 1982 1842 2036 et
1878 1977 2140 2036 audacia
2170 1977 2352 2050 prima

407 2058 618 2132 specie
657 2060 846 2133 laeta,
887 2066 1147 2121 tractatu
1189 2061 1375 2133 dura,
1419 2068 1647 2120 eventu
1685 2061 1878 2120 tristia
1906 2075 2070 2120 esse.
2127 2062 2349 2134 legatos

403 2143 738 2216 Romanos,
768 2144 909 2204 etin
931 2143 1028 2204 his
1047 2145 1113 2204 T.
1130 2143 1493 2218 Quinctium,
1520 2144 1688 2204 haud
1711 2145 1925 2220 procul
1946 2143 2095 2204 inde
2116 2145 2345 2204 abesse.

405 2226 550 2287 dum
578 2227 816 2302 integra
842 2227 1046 2288 omnia
1073 2235 1314 2302 essent,
1356 2227 1561 2288 verbis
1598 2229 1798 2304 potius
1830 2229 1910 2288 de
1938 2229 2013 2290 iis
2046 2243 2207 2304 quae
2233 2243 2347 2286 am·

406 2311 754 2386 uigerentur
803 2312 1249 2386 disceptarent,
1304 2328 1487 2387 quam
1536 2313 1748 2372 Asiam
1796 2312 2233 2388 Europamque
2276 2310 2345 2369 ad

405 2394 730 2456 funestum
741 2402 1050 2456 armarent
1073 2395 1319 2454 bellum.
1376 2395 1641 2456 XXXIII.
1688 2397 2005 2456 multitudo
2043 2395 2225 2456 avida
2248 2411 2345 2453 no-

403 2478 588 2537 vandi
627 2495 732 2539 res
759 2478 1048 2540 Antiochi
1089 2484 1215 2540 tota
1252 2486 1415 2553 erat,
1456 2486 1518 2540 et
1556 2495 1634 2540 ne
1676 2480 2086 2541 admittendos
2117 2480 2341 2554 quidem

405 2560 464 2619 in
497 2563 820 2622 concilium
846 2563 1162 2623 Romanos
1193 2563 1558 2624 censebant:
1604 2565 1944 2640 principum
1972 2565 2234 2624 maxime
2260 2577 2341 2620 se·

403 2644 610 2705 niores
634 2645 995 2707 auctoritate
1021 2646 1341 2708 obtinuere
1354 2693 1370 2720 ,
1400 2653 1469 2707 ut
1489 2646 1735 2708 daretur
1757 2649 1831 2710 iis
1856 2649 2198 2709 concilium.
2238 2646 2340 2706 hoc

402 2726 717 2788 decretum
744 2728 1157 2789 Athenienses
1187 2747 1328 2791 cum
1352 2731 1762 2805 rettulissent,
1792 2733 2062 2793 eundum
2090 2733 2152 2792 in
2174 2733 2335 2790 Aeto-

401 2809 542 2869 liam
570 2809 848 2884 Quinctio
877 2813 1080 2872 visum
1107 2821 1234 2883 est3
1288 2822 1395 2876 aut
1434 2816 1593 2875 enim
1620 2823 1923 2877 moturum
1950 2816 2212 2892 aliquid,
2250 2817 2338 2872 aut

402 2893 602 2954 omnis
644 2893 924 2956 homines
965 2903 1158 2958 testes
1200 2899 1336 2958 sore
1385 2914 1579 2974 penes
1619 2900 1875 2961 Aetolos
1926 2901 2169 2976 culpam
2200 2895 2335 2958 ‚belli

400 2993 564 3055 esse,
581 2980 898 3041 Romanos
920 2980 1082 3040 iusta
1101 2997 1178 3042 ac
1201 2999 1401 3058 prope
1421 2984 1775 3044 necessaria
1796 2992 2151 3060 sumpturos
2172 2995 2330 3042 arma.

401 3071 726 3139 postquam
763 3072 1013 3126 ventum
1053 3072 1150 3127 est
1187 3082 1297 3139 eo,
1351 3067 1669 3142 Quinctius
1710 3068 1773 3128 in
1814 3068 2077 3130 coneilio
2114 3081 2281 3128 orsus
2302 3077 2331 3120 a

399 3148 701 3222 principio
731 3147 1046 3210 societatis
1073 3152 1436 3212 Aetolorum
1464 3167 1606 3212 cum
1632 3153 1955 3227 RomaniS,
1986 3159 2050 3213 et
2077 3150 2327 3228 quotiens

397 3230 476 3289 ab
503 3231 580 3291 iis
607 3232 768 3292 fides
795 3240 961 3294 mota
991 3234 1262 3296 foederis
1294 3242 1491 3310 esset,
1524 3252 1725 3311 pauca
1751 3236 1833 3296 de
1850 3236 1987 3297 iure
2008 3233 2325 3299 eivitatium,

399 3313 480 3370 de
507 3314 732 3388 quibus
761 3315 1170 3390 ambigeretur
1197 3315 1505 3379 disseruit
1570 3321 1624 3380 si
1666 3320 1815 3394 quid
1842 3327 2045 3381 tamen
2074 3316 2247 3394 aequi
2272 3328 2327 3374 se

396 3391 625 3454 habere
653 3396 1114 3471 arbitrarentur,
1159 3407 1391 3476 quanto
1434 3417 1578 3462 esse
1619 3403 1825 3472 satius
1842 3404 2101 3465 Romam
2128 3401 2329 3462 mittere

399 3473 655 3549 legatos,
689 3492 803 3536 seu
823 3478 1176 3556 disceptare
1201 3499 1317 3546 seu
1336 3500 1558 3560 rogare
1582 3494 1865 3548 senatum
1884 3489 2151 3558 mallent,
2174 3494 2327 3560 quam
