2548 3950
605 227 834 287 LIBER
861 227 1129 288 Xmssv.
1179 227 1343 287 CAP.
1374 237 1460 291 62.
1504 236 1577 303 [a.
1606 235 1821 302 c.193]
2060 229 2182 293 175
2224 176 2232 184 Ι

200 382 500 460 pendere.
536 380 832 455 Emporia
858 389 1086 441 vocant
1115 397 1248 440 eam
1280 381 1621 456 regionem:
1668 401 1775 444 ora
1805 392 1901 445 est
1926 387 2182 448 minoris

203 466 427 544 SyrtiS,
461 471 524 526 et
551 465 681 539 agri
707 463 950 534 uberis3
995 481 1121 526 una
1151 465 1366 525 civitas
1396 465 1531 526 eius
1552 466 1793 542 Leptis:
1838 485 1912 529 ea
1942 471 2183 544 singula

201 553 260 610 in
295 546 432 609 dies
462 549 690 608 talenta
717 549 981 624 vectigal
1010 548 1609 624 Carthaginiensibus
1640 551 1827 612 dedit.
1871 553 2031 614 hanc
2054 562 2181 614 tum

201 633 520 708 regionem
549 639 609 692 et
635 637 824 692 totam
846 633 1129 692 infestam
1151 633 1499 706 Masinissa,
1533 642 1592 696 et
1614 650 1693 694 ex
1717 637 1981 712 quadam
2007 647 2181 712 parte

205 717 429 778 dubiae
458 714 904 791 possessionis,
937 717 1035 776 sui
1063 717 1237 792 regni
1266 733 1347 776 an
1378 717 1961 794 Carthaginiensium
1993 731 2179 796 esset,

204 799 516 860 effecerat.
573 807 634 860 et
678 800 821 874 quia
851 800 1029 861 simul
1059 801 1138 859 ad
1168 802 1492 876 purganda
1522 803 1776 862 crimina
1804 813 1865 865 et
1894 812 2181 880 questum

206 885 286 944 de
329 899 400 943 se
427 885 685 944 Romam
727 898 838 944 eos
875 883 1070 944 ituros
1116 885 1445 959 comperit,
1490 886 1593 958 qui
1636 893 1695 946 et
1724 888 1826 947 illa
1854 895 2184 951 onerarent

208 967 668 1042 suspicionibus
702 975 762 1027 et
791 967 869 1026 de
899 968 1030 1026 iure
1059 968 1447 1046 vectigalium
1478 969 1909 1046 disceptarent,
1941 973 2179 1046 legatos

207 1059 268 1112 et
294 1051 432 1126 ipse
455 1053 709 1112 Romam
734 1050 923 1112 mittit.
964 1052 1151 1112 auditi
1175 1053 1253 1112 de
1272 1051 1459 1130 Tyrio
1492 1053 1731 1113 advena
1754 1055 2014 1129 primum
2040 1055 2180 1116 Car-

207 1135 623 1210 thaginienses
667 1150 872 1194 curam
914 1136 1180 1196 iniecere
1219 1136 1527 1211 patribu8,
1573 1153 1651 1196 ne
1694 1153 1830 1198 cum
1872 1139 2175 1202 Antioche

209 1220 389 1280 simul
421 1226 482 1278 et
499 1218 722 1280 Poenis
750 1220 1101 1280 bellandum
1132 1229 1319 1280 esset.
1363 1220 1627 1280 maxime
1656 1236 1733 1281 ea
1755 1223 2032 1297 suspicio
2066 1224 2179 1283 cri-

207 1319 346 1364 men
377 1302 652 1377 urgebat,
701 1303 868 1378 quod
901 1319 1083 1379 quem
1115 1319 1549 1377 comprensum
1578 1304 1839 1365 Romam
1868 1307 2017 1366 mitti
2048 1309 2181 1381 pla-

210 1387 458 1461 cuisset,
491 1401 606 1448 nec
636 1386 840 1462 ipsum
869 1403 984 1447 nec
1012 1402 1231 1447 navem
1262 1387 1396 1447 eius
1429 1387 1863 1447 custodissent.
1921 1389 2000 1448 de
2029 1405 2180 1464 agro

209 1471 432 1530 deinde
476 1485 613 1530 cum
654 1472 820 1546 regis
861 1472 1079 1546 legatis
1123 1470 1455 1544 disceptari
1500 1477 1803 1545 coeptum.
1872 1470 2183 1546 Carthagi-

208 1555 460 1614 nienses
511 1555 643 1614 iure
683 1553 894 1614 finium
936 1571 1186 1614 causam
1227 1554 1606 1629 tutabantur,
1660 1554 1827 1635 quod
1867 1553 2026 1614 intra
2070 1569 2183 1615 eos

210 1637 500 1698 terminos
543 1644 740 1708 esset,
780 1638 1002 1714 quibus
1033 1637 1096 1696 P.
1130 1637 1338 1712 Scipio
1378 1638 1577 1698 victor
1607 1653 1849 1713 agrum,
1895 1639 1999 1714 qui
2029 1638 2181 1699 iuris

209 1727 378 1782 esset
409 1720 1026 1794 Carthaginiensium,
1060 1722 1317 1797 finisset,
1348 1729 1408 1783 et
1437 1723 1833 1785 confessione
1859 1722 2045 1796 regis,
2078 1739 2183 1796 qui

209 1821 348 1864 cum
378 1803 742 1880 Aphthirem
787 1805 1116 1880 profugum
1159 1822 1240 1866 ex
1266 1822 1461 1882 regno
1494 1822 1643 1878 suo,
1688 1820 1827 1862 cum
1857 1813 2035 1878 parte
2059 1805 2183 1863 Nu-

205 1889 506 1948 midarum
529 1895 852 1959 vagantem
875 1890 1037 1946 circa
1054 1891 1345 1962 Cyrenas,
1374 1895 1873 1964 persequeretur,
1900 1889 2183 1962 precario
2238 1939 2247 1948 .

207 1973 282 2031 ab
326 1986 397 2032 se
438 1971 550 2030 iter
591 1985 703 2044 per
744 1985 880 2029 eum
923 1970 1128 2045 ipsum
1173 1986 1385 2044 agrum
1436 1977 1748 2047 tamquam
1792 1970 1957 2032 haud
1999 1971 2183 2033 dubie

209 2053 796 2129 Carthaginiensium
838 2053 986 2113 iuris
1017 2054 1297 2130 petisset.
1368 2054 1667 2115 Numidae
1698 2062 1759 2114 et
1789 2056 1867 2115 de
1896 2057 2183 2116 termina-

205 2138 372 2199 tione
401 2136 710 2211 Scipionis
755 2138 992 2198 mentiri
1034 2153 1149 2199 eos
1189 2138 1557 2212 arguebant,
1603 2146 1663 2198 et
1702 2140 1755 2197 si
1800 2140 1939 2213 quis
1971 2155 2183 2199 veram

210 2222 506 2297 originem
535 2222 684 2282 iuris
717 2222 966 2296 exigere
994 2222 1204 2295 vellet,
1240 2236 1421 2295 quem
1451 2222 1771 2295 proprium
1802 2238 2019 2295 agrum
2044 2224 2183 2283 Car-

213 2304 685 2381 thaginiensium
728 2305 788 2363 in
829 2306 1040 2366 Africa
1080 2311 1262 2363 esse?
1317 2304 1605 2375 advenis,
1663 2310 1957 2379 quantum
2010 2312 2183 2365 sccto

210 2388 390 2450 bovis
412 2395 586 2464 tergo
613 2390 898 2463 amplecti
917 2389 1037 2450 loci
1061 2390 1386 2463 potuerint,
1416 2395 1648 2449 tantum
1672 2388 1753 2449 ad
1777 2390 1991 2449 urbem
2018 2400 2183 2447 com·

211 2474 603 2534 muniendam
661 2474 939 2547 precario
1001 2474 1224 2533 datum.
1299 2472 1601 2548 quidquid
1648 2472 1910 2532 Bursam
1968 2472 2183 2532 sedem

213 2574 388 2618 suam
416 2556 815 2629 excesserint,
849 2556 906 2615 vi
938 2563 1122 2631 atque
1152 2556 1373 2616 iniuria
1401 2564 1645 2631 partum
1674 2555 1919 2615 habere.
1980 2570 2187 2641 neque

214 2658 370 2715 eum,
401 2642 480 2702 de
513 2656 634 2715 quo
658 2640 872 2715 agitur,
905 2640 1170 2715 probare
1194 2656 1307 2702 eos
1332 2655 1543 2715 posse,
1578 2656 1701 2701 non
1726 2641 1911 2702 modo
1938 2655 2187 2716 semper

213 2740 290 2785 ex
322 2740 446 2801 quo
477 2724 812 2801 coeperint,
845 2724 960 2784 sed
989 2740 1068 2784 ne
1097 2725 1201 2785 diu
1232 2723 1479 2802 quidem
1510 2739 1621 2786 eos
1651 2724 2040 2800 possedisse.
2072 2738 2188 2799 per

212 2809 701 2885 opportunitates
754 2824 916 2869 nunc
956 2808 1093 2868 illos
1135 2825 1301 2869 nunc
1339 2823 1521 2883 reges
1564 2807 1960 2870 Numidarum
2004 2824 2187 2869 usur-

211 2909 406 2969 passe
447 2892 576 2967 ius,
631 2907 1004 2967 semperque
1047 2892 1242 2967 penes
1286 2908 1427 2953 eum
1477 2893 1948 2967 possessionem
1991 2893 2189 2952 fuisse

215 2978 319 3053 qui
369 2977 512 3052 plus
563 2976 747 3037 armis
797 2976 1120 3051 potuisset.
1187 2978 1364 3037 cuius
1416 2974 1796 3037 condicionis
1847 2989 1950 3035 res
2006 2974 2189 3034 fuerit

211 3061 574 3137 priusquam
603 3060 817 3122 hostes
843 3060 1138 3122 Romanis
1171 3059 1724 3133 Carthaginienses,
1756 3058 1967 3119 socius
2000 3065 2187 3131 atque

213 3146 447 3205 amicus
474 3159 586 3204 rex
613 3144 1008 3205 Numidarum
1036 3149 1232 3214 esset,
1284 3144 1415 3202 eius
1450 3143 1721 3202 sinerent
1750 3156 1925 3215 esse,
1968 3156 2087 3200 nec
2116 3156 2187 3200 se

212 3230 686 3304 interponerent,
724 3246 848 3305 quo
871 3228 1092 3299 minuS‚
1127 3228 1231 3301 qui
1256 3232 1490 3301 posset,
1520 3232 1771 3300 teneret.
1816 3226 2185 3299 responderi
2264 3228 2269 3233 “

212 3313 430 3389 legatis
470 3310 794 3387 utriusque
834 3312 1026 3387 partis
1071 3311 1301 3387 placuit
1340 3310 1641 3370 missuros
1682 3324 1752 3368 se
1794 3308 1855 3368 in
1892 3308 2187 3383 Africam,

216 3398 319 3473 qui
360 3397 519 3457 inter
556 3396 854 3472 populum
886 3393 1449 3469 Carthaginiensem
1490 3399 1552 3453 et
1578 3408 1787 3468 regem
1816 3392 1877 3452 in
1906 3407 1976 3451 re
2006 3406 2187 3466 prae·

217 3481 370 3542 senti
401 3478 833 3556 disceptarent.
880 3478 1053 3539 missi
1081 3477 1144 3537 P.
1181 3476 1390 3554 Scipio
1420 3476 1749 3539 Africanus
1782 3484 1841 3537 et
1868 3476 1930 3538 C.
1959 3475 2185 3537 Corne-
