2548 3950
311 236 436 302 148
581 238 812 301 LIBER
839 238 1110 300 xxxiv.
1155 204 1322 299 CAP'.
1349 243 1547 301 ame.
1593 241 1666 308 [a.
1696 239 1766 293 υ.
1798 258 1845 293 0.
1870 241 1996 310 557]

306 392 596 454 dimicare
626 392 760 452 acie
791 392 991 464 vellet,
1023 398 1084 451 et
1110 391 1324 450 urbem
1343 388 1692 463 relinquere
1712 394 1835 448 tam
1858 389 2187 463 suspensis
2210 397 2274 454 et

305 477 553 536 incertis
584 475 852 536 omnium
881 475 1096 535 animis
1127 481 1426 533 metuens.

470 559 739 621 XXVIII.
787 558 1102 632 Quinctius
1147 556 1297 617 satis
1337 555 1459 616 iam
1487 555 1768 617 omnibus
1799 555 2030 631 paratis
2061 557 2273 631 prore-

307 651 439 704 ctus
488 642 566 704 ab
609 643 847 705 stativis
899 643 998 702 die
1039 643 1230 701 altero
1271 638 1355 700 ad
1397 638 1716 700 Sellasiam
1759 653 1949 714 super
1994 637 2276 702 Oenunta

303 727 558 788 fluvium
588 727 898 802 pervenit;
938 740 1061 799 quo
1092 725 1153 785 in
1180 725 1321 786 loco
1349 724 1698 798 Antigonus
1719 721 2131 784 Macedonum
2159 739 2275 784 rex

307 827 446 872 cum
478 810 804 872 Cleomene
830 808 1461 869 Lacedaemoniorum
1496 814 1763 885 tyranno
1806 806 2001 882 signis
2032 808 2275 869 collatis

305 894 635 955 dimicasse
676 893 1012 954 dicebatur.
1074 892 1218 952 inde
1262 908 1401 954 cum
1444 891 1720 966 audisset
1750 905 2080 952 ascensum
2113 891 2276 952 diffi-

307 977 437 1038 cilis
482 984 544 1038 et
581 984 749 1040 artae
789 977 930 1037 viae
972 991 1146 1050 esse,
1190 976 1365 1036 brevi
1400 991 1511 1051 per
1538 969 1764 1036 montis
1811 974 2067 1037 circuitu
2093 990 2275 1052 prae-

303 1061 511 1122 missis
555 1062 660 1137 qui
702 1062 1008 1122 munirent
1049 1060 1241 1134 viam,
1285 1061 1420 1120 lato
1451 1060 1600 1120 satis
1632 1067 1692 1120 et
1721 1059 1950 1134 patenti
1978 1059 2166 1120 limite
2194 1059 2279 1120 ad

302 1145 596 1206 Eurotam
617 1160 872 1217 amnem,
908 1145 1024 1205 sub
1046 1145 1202 1219 ipsis
1227 1158 1426 1219 prope
1449 1141 1740 1205 fluentem
1760 1142 2101 1216 moenibus,
2133 1158 2277 1218 per·

303 1229 491 1288 venit.
546 1227 655 1288 ubi
684 1236 887 1288 castra
913 1227 1194 1290 metantis
1223 1228 1544 1289 Romanos
1576 1227 2043 1303 Quinctiumque
2071 1229 2278 1303 ipsum

308 1328 446 1372 cum
495 1311 802 1388 equitibus
861 1319 1047 1388 atque
1098 1310 1405 1387 expeditis
1455 1312 1895 1389 praegressum
1944 1311 2277 1372 auxiliares

307 1395 550 1474 tyranni
579 1396 776 1458 adorti
805 1397 868 1456 in
896 1400 1191 1457 terrorem
1220 1411 1296 1456 ac
1324 1397 1643 1458 tumultum
1673 1396 2093 1470 coniecerunt,
2128 1395 2279 1455 nihil

306 1480 426 1539 tale
457 1480 872 1554 exspectantis
889 1526 904 1553 ,
938 1480 1085 1555 quia
1109 1494 1289 1542 nemo
1320 1480 1396 1541 iis
1428 1479 1647 1543 obvius
1678 1486 1805 1542 toto
1834 1479 2050 1540 itinere
2078 1481 2279 1541 fuerat

307 1579 382 1623 ac
421 1564 608 1623 veluti
648 1571 869 1639 pacato
911 1578 1061 1639 agro
1101 1564 1499 1638 transierant,
1549 1563 1928 1640 aliquamdiu
1964 1562 2279 1638 peditibus

308 1646 578 1721 equites,
621 1647 929 1722 equitibus
969 1647 1211 1723 pedites
1238 1647 1638 1722 vocantibuS,
1685 1663 1826 1708 cum
1853 1646 1917 1707 in
1946 1662 2019 1707 se
2050 1645 2276 1721 cuique

307 1729 616 1790 minimum
656 1729 921 1790 fiduciae
964 1736 1164 1804 esset,
1215 1730 1587 1807 trepidatum
1627 1737 1753 1792 est:
1806 1730 2054 1792 tandem
2097 1728 2279 1804 signa

307 1812 618 1888 legionum
660 1819 1178 1888 supervenerunt;
1223 1820 1288 1875 et
1316 1831 1456 1876 cum
1486 1814 1665 1890 primi
1694 1813 1957 1889 agminis
1985 1813 2275 1874 cohortes

299 1897 594 1957 ‘inductae
631 1896 692 1956 in
736 1897 1036 1971 proelium
1085 1904 1324 1971 essent,
1375 1897 1478 1974 qui
1525 1897 1712 1958 modo
1754 1896 1971 1959 terrori
2014 1898 2279 1969 fuerant,

307 1981 686 2057 trepidantes
715 1980 779 2040 in
807 1981 1021 2041 urbem
1051 1982 1356 2057 compulsi
1384 1987 1547 2044 sunt.
1589 1981 1850 2042 Romani
1882 1996 2021 2043 cum
2048 1988 2282 2043 tantum

316 2082 348 2125 ι
370 2080 545 2125 muro
568 2064 997 2139 recessissent,
1020 2070 1088 2126 ut
1108 2072 1284 2125 extra
1304 2066 1489 2126 ictum
1509 2064 1615 2125 teli
1637 2071 1865 2139 essent,
1892 2066 2025 2126 acie
2045 2064 2283 2126 directa

311 2149 630 2223 paulisper
670 2155 995 2211 steterunt:
1038 2156 1372 2226 postquam
1402 2163 1582 2210 nemo
1612 2147 1881 2210 hostium
1911 2155 2124 2210 contra
2149 2149 2281 2209 exi-

308 2232 444 2307 bat,
498 2232 812 2295 redierunt
859 2231 924 2293 in
976 2239 1194 2294 castra.
1261 2238 1515 2308 postero
1566 2232 1667 2293 die
1712 2232 2026 2307 Quinctius
2077 2248 2282 2309 prope

311 2315 541 2377 flumen
580 2324 827 2393 praeter
864 2317 1080 2379 urbem
1122 2318 1238 2378 sub
1267 2316 1442 2393 ipsas
1466 2315 1753 2377 Menelaii
1780 2316 2005 2378 montis
2033 2316 2281 2377 radices

312 2401 541 2461 ducere
584 2401 801 2477 copias
841 2401 1175 2462 instructas
1216 2401 1435 2476 pergit.
1500 2400 1733 2476 primae
1773 2400 2147 2478 legionariae
2176 2416 2280 2461 co-

311 2483 523 2546 hortes
565 2483 762 2559 ibant,
804 2485 960 2544 levis
1006 2489 1311 2545 armatura
1351 2491 1411 2544 et
1439 2485 1677 2559 equites
1706 2500 1926 2561 agmen
1956 2485 2280 2560 cogebant.

310 2567 499 2628 Nabis
529 2567 688 2628 intra
717 2582 957 2629 murum
976 2567 1310 2629 instructos
1332 2574 1711 2645 paratosque
1732 2568 1850 2631 sub
1875 2568 2069 2645 signis
2090 2567 2282 2628 habe-

311 2651 418 2711 bat
445 2651 898 2712 mercennarios
927 2651 1167 2727 milites,
1196 2652 1256 2712 in
1296 2652 1520 2728 quibus
1553 2651 1749 2713 omnis
1780 2653 2009 2715 fiducia
2037 2658 2184 2725 erat,
2217 2658 2286 2712 ut

315 2734 391 2793 ab
412 2740 584 2811 tergo
608 2734 850 2796 hostem
863 2733 1320 2811 adgrederetur.
1351 2743 1681 2813 postquam
1695 2744 2037 2797 extremum
2058 2752 2282 2812 agmen

313 2817 653 2894 praeteriit,
697 2825 823 2879 tum
864 2818 942 2879 ab
984 2818 1247 2894 oppido,
1292 2818 1513 2881 eodem
1555 2838 1677 2897 quo
1723 2820 1920 2896 pridie
1954 2825 2287 2895 eruperant

313 2901 573 2963 tumultu
625 2902 902 2977 pluribus
958 2904 1135 2965 simul
1185 2903 1341 2965 locis
1392 2912 1733 2979 erumpunt.
1817 2907 1936 2981 Ap.
1990 2903 2282 2965 Claudius

316 3000 536 3060 agmen
578 2986 870 3062 cogebat;
927 2988 1032 3062 qui
1073 2987 1152 3048 ad
1181 2987 1246 3047 id
1276 2989 1445 3063 quod
1474 2988 1740 3049 futurum
1771 2995 1932 3062 erat,
1976 3004 2056 3049 ne
2083 2986 2284 3063 inopi-

316 3076 524 3130 natum
565 3070 898 3145 accideret,
944 3072 1325 3147 praeparatis
1369 3088 1623 3134 suorum
1663 3071 1912 3146 animia,
1956 3073 2135 3147 signa
2176 3086 2285 3131 ex·

315 3155 544 3228 templo
587 3156 887 3217 convertit
923 3162 1238 3231 totumque
1279 3156 1339 3215 in
1370 3156 1613 3217 hostem
1654 3171 1874 3233 agmen
1909 3154 2285 3229 circumegit.

317 3238 524 3312 itaque
564 3239 730 3300 velut
768 3246 974 3300 rectae
1002 3247 1169 3301 acies
1202 3240 1688 3315 concurrissent,
1727 3241 1956 3302 iustum
1988 3237 2285 3313 aliquam·

319 3320 423 3380 diu
451 3323 755 3397 proelium
783 3324 910 3383 fuit.
973 3322 1219 3384 tandem
1247 3324 1501 3385 Nabidis
1535 3323 1755 3387 milites
1785 3324 1848 3384 in
1879 3325 2084 3397 fugam
2112 3322 2287 3383 incli-

318 3412 555 3466 narunt.
617 3421 777 3482 quae
804 3406 1005 3468 minus
1035 3406 1250 3484 [infida
1281 3408 1377 3487 ac]
1406 3407 1645 3483 trepida
1673 3408 1917 3483 fuisset,
1960 3405 2024 3466 ni
2051 3405 2291 3466 Achaei

319 3488 592 3549 locorum
616 3488 950 3565 prudentes
981 3489 1359 3552 institissent.
1395 3492 1437 3551 ii
1459 3498 1527 3561 ‚et
1555 3492 1806 3552 caedem
1830 3492 2135 3567 ingentem
2158 3489 2291 3551 edi·
