2548 3950
301 224 428 289 252
578 224 808 285 LIBER
841 223 1111 284 XXXVI.
1157 222 1325 283 CAP.
1348 230 1437 286 35.
1460 230 1550 284 36.
1592 228 1666 296 [a.
1694 228 1764 280 U.
1788 244 1837 281 c.
1861 228 1986 295 561]

306 379 444 452 buS,
469 392 653 453 quam
677 376 1082 453 purgantibus
1105 390 1195 451 ea,
1213 376 1291 437 de
1316 376 1539 452 quibus
1564 376 1991 453 arguebantur,
2007 392 2277 455 respon·

307 475 445 523 sum
475 460 682 522 datum
713 466 826 534 est,
861 475 982 536 quo
1011 458 1252 521 veniam
1283 458 1665 536 impetrasse,
1696 474 1822 521 non
1844 476 2095 522 eausam
2127 478 2271 539 pr0=

309 547 497 607 basse
533 543 728 605 videri
769 550 1044 620 possent.
1118 549 1180 603 et
1221 542 1481 618 Philippi
1517 543 1685 618 regis
1710 543 1908 619 legati
1950 543 2065 605 sub
2106 544 2279 607 idem

310 644 550 704 tempus
579 628 642 687 in
672 633 950 689 senatum
979 626 1338 702 introducti,
1366 628 1742 701 gratulantes
1770 628 1852 687 de
1878 628 2150 689 victoria.
2200 629 2281 689 iis

312 711 690 789 petentibuS,
729 718 798 772 ut
837 710 956 771 sibi
995 708 1349 771 sacrificare
1387 709 1449 769 in
1480 709 1776 793 Capitolio
1808 703 2164 787 donumque
2196 710 2281 772 ex

311 810 460 856 auro
490 795 702 856 liceret
728 809 961 869 ponere
988 794 1048 855 in
1079 792 1236 853 aede
1267 793 1432 855 Iovis
1464 792 1678 869 optimi
1706 794 1983 872 maximi,
2014 794 2273 872 permis-

313 894 449 939 sum
490 878 571 939 ab
610 884 851 939 senatu.
918 884 1158 938 centum
1198 878 1408 953 pondo
1452 890 1744 939 coronam
1770 892 2019 940 auream
2046 892 2284 955 posue·

313 968 470 1023 runt.
533 977 659 1022 non
697 974 1067 1037 responsum
1109 961 1312 1023 solum
1351 959 1616 1037 benigne
1658 961 1871 1041 [regis]
1914 960 2130 1039 legatis
2155 964 2288 1038 es‘t,

314 1047 429 1107 sed
469 1044 632 1107 filius
677 1060 924 1121 quoque
964 1043 1225 1119 Philippi
1265 1046 1639 1121 DemetriuS,
1680 1045 1786 1122 qui
1826 1046 2013 1108 obses
2040 1046 2289 1109 Romae

315 1135 462 1203 erat,
492 1129 575 1189 ad
596 1133 830 1204 patrem
849 1128 1238 1188 reducendus
1263 1128 1477 1203 legatis
1502 1130 1683 1191 datus
1706 1135 1819 1191 est.
1861 1129 2084 1190 bellum
2108 1130 2289 1205 quod

318 1228 458 1274 cum
496 1211 802 1273 Antiocho
841 1226 990 1287 rege
1031 1212 1092 1271 in
1135 1211 1393 1273 Graecia
1431 1219 1675 1289 gestum
1713 1218 1811 1274 est
1850 1226 1888 1273 a
1926 1212 2027 1273 Μ’.
2066 1211 2291 1275 Acilio

320 1296 592 1370 consule,
622 1295 784 1356 hunc
813 1296 995 1357 finem
1023 1294 1251 1357 habuit.

485 1378 752 1440 XXXVI.
809 1380 981 1441 Alter
1029 1380 1248 1440 consul
1296 1378 1362 1439 P.
1405 1380 1717 1441 Cornelius
1766 1378 1978 1458 Scipio
2024 1379 2295 1441 Galliam

321 1462 698 1539 provinciam
721 1464 990 1538 sortituS,
1017 1462 1373 1539 priusquam
1396 1465 1479 1524 ad
1499 1464 1743 1539 bellum,
1768 1464 1938 1540 quod
1960 1474 2097 1524 cum
2108 1462 2289 1524 Boii,

320 1546 656 1622 gerendum
691 1554 852 1620 erat,
897 1546 1423 1622 proficisceretur,
1466 1546 1799 1624 postulavit
1824 1548 1904 1608 ab
1934 1554 2185 1620 senatu,
2216 1554 2291 1613 u:

323 1630 585 1705 pecunia
607 1630 724 1691 sibi
747 1632 1179 1692 decerneretur
1200 1632 1279 1691 ad
1302 1631 1504 1706 ludoS,
1530 1648 1691 1707 quos
1715 1638 1962 1708 praetor
1982 1630 2041 1690 in
2056 1628 2295 1705 Hispa·

320 1714 422 1773 nia
447 1714 606 1775 inter
629 1714 835 1789 ipsum
865 1715 1190 1775 discrimen
1219 1730 1467 1790 pugnae
1492 1715 1785 1777 vovisset.
1838 1728 2068 1775 novum
2096 1720 2301 1789 atque

322 1795 596 1871 iniquum
626 1798 943 1872 postulare
967 1804 1062 1859 est
1087 1799 1290 1859 visus=
1331 1806 1700 1861 censuerunt
1718 1812 1886 1875 ergo,
1918 1811 2077 1874 quos
2098 1797 2300 1859 ludos

321 1880 668 1941 inconsulto
711 1888 930 1943 senatu
975 1898 1054 1943 ex
1097 1896 1212 1943 sua
1251 1882 1436 1943 unius
1480 1882 1783 1945 sententia
1820 1882 2128 1955 vovisset,
2168 1893 2301 1943 eos

321 1962 409 2025 uti
439 1964 518 2024 de
548 1964 870 2039 manubiis,
900 1964 958 2026 si
988 1982 1172 2041 quam
1200 1965 1526 2042 pecuniam
1556 1968 1635 2028 ad
1662 1968 1727 2028 id
1754 1970 2154 2039 reservasset,
2184 1966 2304 2026 vel

325 2063 440 2108 sua
479 2047 620 2122 ipse
657 2049 940 2126 impensa
980 2050 1228 2111 faceret.
1302 2066 1413 2111 eos
1456 2053 1638 2112 ludos
1672 2067 1783 2128 per
1810 2050 1947 2111 dies
1976 2051 2189 2111 decem
2220 2047 2301 2108 P.

325 2130 646 2192 Cornelius
687 2133 848 2194 fecit.
913 2149 1027 2208 per
1063 2133 1228 2194 idem
1273 2135 1402 2194 fere
1431 2139 1675 2212 tempus
1704 2135 1893 2196 aedes
1922 2132 2131 2196 matris
2156 2147 2303 2192 rna-

323 2230 482 2290 gnae
507 2215 732 2277 Idaeae
762 2217 1043 2278 dedicata
1071 2225 1194 2291 est,
1240 2233 1423 2293 quam
1451 2219 1629 2279 deam
1658 2220 1713 2281 is
1738 2219 1803 2278 P.
1832 2217 2149 2280 Cornelius
2176 2216 2302 2277 ad-

325 2305 563 2360 vectam
591 2312 670 2361 ex
699 2300 854 2360 Asia
878 2299 944 2360 Ρ.
970 2301 1248 2364 Cornelio
1283 2301 1591 2378 Scipione,
1626 2303 1723 2363 cui
1754 2309 1975 2376 postea
1992 2299 2303 2362 Africano

324 2381 438 2443 ruit
477 2380 852 2459 cognomen,
893 2384 958 2444 P.
987 2384 1221 2446 Licinio
1265 2385 1622 2447 consulibus
1657 2384 1717 2447 in
1748 2384 2044 2446 Palatium
2070 2400 2109 2444 a
2134 2381 2305 2443 mari

325 2465 640 2526 detulerat„
714 2467 1071 2528 locaverant
1113 2469 1329 2530 aedem
1370 2468 1712 2530 faciendam
1753 2483 1832 2530 ex
1862 2473 2112 2530 senatus
2140 2481 2301 2528 con-

325 2549 486 2610 sulto
513 2547 594 2608 Μ.
624 2549 834 2612 Livius
865 2551 928 2615 C.
961 2552 1248 2614 Claudius
1281 2567 1574 2614 censores
1607 2554 1689 2614 Μ.
1716 2551 1994 2615 Cornelio
2022 2551 2086 2610 P.
2116 2549 2303 2612 Sem·

327 2633 544 2708 pronio
569 2634 961 2705 consulibus3
1007 2636 1299 2696 tredecim
1322 2637 1499 2696 annis
1523 2644 1684 2712 post,
1714 2652 1899 2712 quam
1920 2636 2119 2696 locata
2140 2641 2301 2706 erat,

327 2713 638 2777 dedicavit
663 2731 802 2776 eam
829 2717 910 2777 M.
936 2718 1146 2779 Iunius
1175 2720 1420 2794 BrutuS,
1451 2721 1705 2796 ludique
1734 2717 1815 2782 ob
1844 2718 2303 2780 dedicationem

328 2797 462 2859 eius
509 2798 681 2874 sacti,
725 2816 885 2876 quos
928 2801 1160 2878 primos
1204 2804 1489 2865 scenicos
1532 2803 1728 2865 fuisse
1762 2798 1978 2864 Antias
2008 2799 2303 2886 Valerius

327 2887 425 2942 est
453 2887 694 2956 auctor,
733 2883 1070 2961 Megalesia
1097 2886 1463 2962 appellatos.
1536 2889 1679 2949 item
1708 2887 2041 2948 luventatis
2070 2884 2299 2946 aedem

326 2964 389 3026 in
433 2967 597 3028 circo
628 2969 894 3032 maximo
930 2969 992 3030 C.
1021 2970 1290 3031 Licinius
1317 2971 1611 3032 Lucullus
1654 2971 1937 3032 duumvir
1966 2967 2300 3030 dedicavit.

329 3058 588 3112 voverat
619 3067 758 3112 eam
801 3054 1116 3114 sexdecim
1147 3054 1323 3114 annis
1358 3062 1497 3115 ante
1522 3051 1606 3119 Μ.
1634 3054 1845 3115 Livius
1875 3053 2124 3126 consul,
2166 3065 2303 3126 quo

329 3131 432 3194 die
458 3133 906 3198 Hasdrubalem
939 3136 1396 3211 exercitumque
1424 3137 1561 3199 eius
1588 3139 1843 3208 cecidit3
1882 3137 2041 3198 idem
2072 3145 2303 3196 censor

330 3231 468 3276 eam
509 3218 850 3280 faciendam
891 3220 1118 3281 locavit
1144 3221 1226 3284 M.
1259 3220 1540 3282 Cornelio
1570 3221 1636 3281 P.
1669 3219 2038 3298 Sempronio
2069 3232 2295 3280 consu-

328 3297 508 3360 libus.
574 3300 754 3363 huius
799 3319 1053 3379 quoque
1098 3305 1481 3366 dedicandae
1522 3317 1714 3366 causa
1756 3305 1883 3367 ludi
1914 3303 2083 3377 facti,
2126 3307 2191 3363 et
2214 3313 2299 3362 eo

333 3383 539 3442 omnia
568 3399 706 3444 cum
732 3387 966 3447 maiore
993 3385 1287 3462 religione
1318 3389 1495 3463 facta,
1542 3389 1715 3465 quod
1742 3399 1973 3451 novum
2002 3399 2139 3448 eum
2166 3385 2297 3444 An·

330 3462 536 3525 tiocho
565 3467 829 3529 instabat
855 3469 1097 3530 bellum.
