2548 3950
419 226 542 290 208
729 226 956 287 LIBER
976 224 1215 285 XXXV.
1264 223 1431 284 CAP.
1455 230 1543 286 36.
1568 230 1655 285 37.
1683 228 1757 295 [a.
1782 226 1851 281 U.
1875 243 1923 279 c.
1944 226 2069 295 560]

415 377 696 454 corporis
741 376 1062 449 custodeS,
1116 389 1254 435 cum
1304 374 1366 432 in
1408 373 1603 433 oculis
1643 388 1746 433 res
1788 380 2133 448 gereretur,
2184 389 2366 449 pavor

414 464 610 539 primo
655 460 850 535 cepit;
907 458 1129 519 deinde
1172 463 1502 534 postquam
1553 457 1721 517 abire
1759 458 2121 519 Aetolorum
2162 473 2363 533 agmen

414 545 656 621 videre,
689 549 1061 605 concurrunt
1088 543 1169 602 ad
1190 542 1465 602 relictum
1491 542 1735 619 tyranni
1760 556 1990 616 eorpus
2006 588 2021 616 ,
2053 548 2117 601 et
2138 549 2361 617 specta-

413 639 612 691 torum
639 628 818 689 turba
847 643 928 687 ex
957 626 1319 687 custodibus
1348 625 1508 684 vitae
1530 625 1869 699 mortisque
1894 624 2199 687 ultoribus
2224 627 2364 686 facta

413 721 529 775 est.
573 728 690 774 nec
719 711 1018 772 movisset
1044 724 1115 770 se
1146 710 1505 785 quisquam,
1536 709 1591 769 si
1613 710 1922 784 extemplo
1951 708 2175 784 positis
2196 710 2360 769 armis

413 805 636 860 vocata
687 796 748 855 in
801 794 1150 856 contionem
1197 792 1515 853 multitudo
1570 792 1788 853 fuisset
1835 799 1896 852 et
1937 794 2135 854 oratio
2176 792 2362 854 habita

413 880 674 957 tempori
705 878 1110 953 conveniens,
1154 877 1507 951 frequentes
1536 876 1677 937 inde
1706 876 1921 936 retenti
1951 876 2012 936 in
2042 877 2231 937 armis
2258 881 2359 937 Ae-

411 966 522 1027 toli
551 964 687 1027 sine
713 962 933 1024 iniuria
963 962 1359 1036 cuiusquam:
1414 961 1561 1035 sed,
1609 967 1677 1021 ut
1716 962 1986 1035 oportuit
2026 960 2089 1021 in
2122 961 2360 1024 consilio

416 1048 632 1109 fraude
673 1052 894 1123 coepto
913 1092 928 1119 ,
971 1045 1176 1107 omnia
1213 1046 1276 1103 in
1318 1044 1736 1105 maturandam
1793 1045 2127 1118 perniciem
2170 1060 2359 1107 eorum

415 1134 521 1207 qui
545 1134 818 1191 fecerant
845 1136 986 1189 sunt
1008 1136 1162 1189 acta.
1208 1128 1336 1188 dux
1358 1128 1526 1204 regia
1552 1127 1827 1191 inclusus
1853 1128 2015 1189 diem
2037 1145 2111 1189 ac
2140 1138 2360 1191 noctem
2460 1184 2462 1193 ἶ

413 1218 474 1275 in
505 1214 853 1275 scrutandis
897 1211 1202 1273 thesauris
1243 1212 1489 1290 tyranni
1521 1212 1932 1288 consumpsit;
1978 1213 2186 1274 Aetoli
2216 1214 2359 1273 velut
2460 1214 2462 1269 ὴ

415 1307 593 1374 capta
617 1298 800 1372 urbe,
845 1313 1026 1373 quam
1066 1296 1367 1356 liberasse
1398 1295 1589 1357 videri
1614 1296 1931 1370 volebant,
1976 1295 2036 1355 in
2084 1298 2357 1373 praedam

415 1384 596 1443 versi.
643 1381 824 1443 simul
853 1380 1182 1457 indignitas
1210 1380 1333 1455 rei,
1370 1380 1548 1441 simul
1578 1386 1961 1456 contemptus
1990 1382 2235 1442 animos
2261 1382 2357 1440 La-

415 1466 826 1529 cedaemoniis
856 1467 936 1527 ad
977 1464 1325 1527 coeundum
1364 1465 1523 1525 fecit.
1571 1465 1669 1524 alii
1712 1464 1917 1525 dicere
1953 1465 2355 1525 exturbandos

412 1551 688 1622 AetoloS,
723 1557 784 1611 et
803 1551 1168 1621 libertatem,
1203 1564 1343 1609 cum
1364 1548 1601 1609 restitui
1622 1548 1948 1624 videretur,
1978 1550 2357 1624 interceptam

411 1633 843 1709 repetendam;
885 1635 1017 1706 alii,
1049 1642 1116 1694 ut
1143 1638 1331 1709 caput
1358 1632 1633 1708 agendae
1659 1632 1750 1691 rei
1780 1640 1977 1707 esset,
2007 1634 2164 1709 regii
2190 1648 2355 1707 gene-

413 1719 498 1778 ris
531 1718 790 1793 aliquem
821 1718 882 1777 in
907 1718 1180 1792 speciem
1205 1715 1666 1779 adsumendum.
1711 1714 2057 1779 Laconicus
2080 1718 2212 1777 eius
2236 1717 2355 1777 stir-

415 1801 512 1875 pis
537 1807 666 1860 erat
689 1815 841 1875 puer
862 1799 1192 1860 admodum
1207 1847 1222 1874 ‚
1249 1801 1509 1861 eductus
1534 1815 1671 1860 cum
1693 1799 1901 1860 liberis
1924 1800 2190 1880 tyranni.
2234 1816 2355 1861 eum

416 1888 476 1945 in
507 1900 730 1960 equum
761 1882 1112 1961 imponunt,
1151 1891 1211 1944 et
1239 1884 1423 1945 armis
1454 1883 1714 1959 arreptis
1744 1886 2002 1948 Aetolos
2037 1900 2231 1961 vagos
2262 1899 2356 1959 per

417 1968 625 2032 urbem
669 1968 949 2030 caedunt.
1001 1977 1127 2030 tum
1165 1968 1396 2045 regiam
1440 1969 1764 2030 invadunt=
1816 1968 1899 2030 ibi
1926 1970 2353 2030 Alexamenum

418 2070 552 2114 cum
581 2053 796 2129 paucis
819 2054 1204 2114 resistentem
1229 2052 1607 2114 obtruncant.
1650 2053 1851 2114 Aetoli
1876 2053 2039 2114 circa
2062 2053 2353 2114 Chalcioe-

427 2154 534 2198 :on
561 2169 648 2182 --
672 2135 986 2197 Minervae
1015 2144 1110 2198 est
1137 2138 1428 2213 templum
1464 2152 1711 2198 aereum
1737 2170 1824 2182 -
1852 2138 2205 2214 congregati
2233 2151 2351 2198 cae·
2458 2189 2460 2224 :

415 2222 654 2282 duntur.
699 2223 880 2297 pauci
911 2222 1097 2283 armis
1129 2221 1415 2296 abiectis,
1445 2239 1591 2298 pars
1622 2223 1885 2297 Tegeam
1916 2237 2064 2297 pars
2091 2221 2348 2297 Megalen
2458 2237 2460 2240 ⁴

413 2306 579 2381 polin
596 2306 963 2382 perfugiunt.
987 2305 1070 2365 ibi
1094 2307 1441 2381 comprensi
1466 2322 1504 2366 a
1524 2305 1978 2382 magistratibus
2003 2307 2121 2368 sub
2146 2321 2348 2368 corona

417 2391 749 2451 venierunt.
814 2389 1109 2452 XXXVII.
1162 2389 1600 2466 Philopoemen
1650 2390 1856 2450 audita
1897 2391 2093 2451 caede
2128 2389 2347 2471 tyranni

413 2473 730 2547 profectus
759 2473 1287 2535 Lacedaemonem
1318 2490 1456 2536 cum
1486 2475 1689 2536 omnia
1728 2474 1969 2535 turbata
2005 2482 2172 2535 metu
2198 2475 2344 2534 inve-

413 2557 635 2632 nisset,
687 2559 958 2620 evocatis
1001 2558 1409 2633 principibus,
1462 2566 1522 2619 et
1566 2558 1840 2620 oratione
1880 2557 2116 2630 habita,
2170 2556 2343 2633 qualis

417 2635 697 2709 habenda
736 2641 1113 2702 Alexameno
1162 2644 1382 2713 fuerat,
1436 2642 1713 2706 societati
1750 2643 2146 2706 Achaeorum
2181 2643 2340 2702 Lace-

415 2723 773 2784 daemonius
793 2723 1098 2796 adiunxit,
1132 2740 1206 2785 eo
1231 2726 1409 2785 etiam
1436 2725 1673 2788 facilius
1689 2773 1704 2800 ,
1737 2727 1905 2801 quod
1928 2727 2007 2786 ad
2030 2727 2191 2787 idem
2210 2727 2340 2786 forte

413 2814 654 2881 tempus
676 2809 752 2868 A.
776 2805 999 2868 Atilius
1023 2823 1161 2868 cum
1187 2815 1470 2884 quattuor
1500 2815 1560 2870 et
1585 2811 1793 2886 viginti
1826 2809 2337 2886 quinqueremibus

413 2889 493 2949 ad
525 2888 812 2967 Gythium
838 2890 1119 2953 accessit.

579 2973 803 3034 Iisdem
834 2974 1050 3036 diebus
1095 2976 1256 3036 circa
1299 2976 1644 3038 Chalcidem
1672 2979 1875 3039 Thoas
1918 2995 2031 3054 per
2056 2974 2335 3056 Euthymi-

415 3060 554 3119 dam
586 3058 955 3135 principem,
1006 3061 1250 3135 pulsum
1294 3061 1517 3136 opibus
1546 3077 1758 3123 eorum
1790 3063 1892 3138 qui
1922 3064 2230 3124 Romanae
2254 3076 2333 3120 so—

415 3143 646 3203 cietatis
678 3150 851 3203 erant
877 3151 1026 3218 post
1052 3145 1117 3202 T.
1150 3143 1409 3218 Quinctii
1437 3146 1901 3222 legatorumque
1932 3147 2262 3216 adventum,
2288 3149 2333 3200 et

413 3225 796 3288 Herodorum
826 3225 1074 3288 Cianum
1116 3235 1515 3288 mercatorem
1531 3245 1559 3302 ‚‘
1590 3230 1703 3290 sed
1746 3235 2053 3305 potentem
2084 3225 2331 3291 Chalcide

414 3315 666 3381 propter
705 3310 974 3383 divitiae,
1026 3311 1408 3394 praeparatis
1439 3312 1519 3372 ad
1549 3313 1955 3387 proditionem
1998 3314 2073 3374 iis
2116 3313 2213 3390 qui
2234 3309 2329 3368 Eu-

417 3387 726 3463 thymidae
755 3392 1036 3452 factionis
1067 3401 1266 3467 erant,
1312 3410 1702 3470 nequaquam
1742 3398 2000 3457 eandem
2042 3399 2326 3462 fortunam,

418 3483 540 3538 qua
577 3471 910 3531 Demetrias
962 3490 1074 3547 per
1111 3476 1525 3552 Eurylochum
1580 3487 1879 3554 occupata
1930 3489 2087 3556 erat,
2137 3477 2327 3540 habuit
