<?xml version="1.0" encoding="UTF-8"?>
<!DOCTYPE html PUBLIC "-//W3C//DTD XHTML 1.0 Transitional//EN"
    "http://www.w3.org/TR/xhtml1/DTD/xhtml1-transitional.dtd">
<html xmlns="http://www.w3.org/1999/xhtml" xml:lang="en" lang="en">
 <head>
  <title>
</title>
<meta http-equiv="Content-Type" content="text/html;charset=utf-8" />
  <meta name='ocr-system' content='tesseract 3.04.00' />
  <meta name='ocr-capabilities' content='ocr_page ocr_carea ocr_par ocr_line ocrx_word'/>
</head>
<body>
  <div class='ocr_page' id='page_1' title='image "./aburbeconditali14livygoog_0163.png"; bbox 0 0 2548 3950; ppageno 0'>
   <div class='ocr_carea' id='block_1_1' title="bbox 351 215 2113 290">
    <p class='ocr_par' dir='ltr' id='par_1_1' title="bbox 351 215 2113 290">
     <span class='ocr_line' id='line_1_1' title="bbox 351 215 2113 290; baseline -0.002 -9"><span class='ocrx_word' id='word_1_1' title='bbox 351 215 484 281; x_wconf 83' lang='grc'><strong>136</strong></span> <span class='ocrx_word' id='word_1_2' title='bbox 567 217 800 278; x_wconf 85' lang='lat' dir='ltr'>LIBER</span> <span class='ocrx_word' id='word_1_3' title='bbox 835 217 1108 278; x_wconf 85' lang='lat' dir='ltr'>XXXIV.</span> <span class='ocrx_word' id='word_1_4' title='bbox 1154 217 1665 280; x_wconf 56' lang='lat' dir='ltr'><strong>CAP.11.12.13.‘</strong></span> <span class='ocrx_word' id='word_1_5' title='bbox 1704 223 1777 290; x_wconf 77' lang='lat' dir='ltr'><strong>[a.</strong></span> <span class='ocrx_word' id='word_1_6' title='bbox 1808 221 1881 275; x_wconf 82' lang='lat' dir='ltr'><strong>U.</strong></span> <span class='ocrx_word' id='word_1_7' title='bbox 1905 239 1960 276; x_wconf 66' lang='lat' dir='ltr'><strong>e.</strong></span> <span class='ocrx_word' id='word_1_8' title='bbox 1988 221 2113 287; x_wconf 83' lang='lat'>557]</span> 
     </span>
    </p>
   </div>
   <div class='ocr_carea' id='block_1_2' title="bbox 309 366 2326 1868">
    <p class='ocr_par' dir='ltr' id='par_1_2' title="bbox 309 366 2326 1868">
     <span class='ocr_line' id='line_1_2' title="bbox 353 366 2326 449; baseline -0.001 -17"><span class='ocrx_word' id='word_1_9' title='bbox 353 367 660 449; x_wconf 87' lang='lat' dir='ltr'><strong>sperantis</strong></span> <span class='ocrx_word' id='word_1_10' title='bbox 692 367 842 431; x_wconf 87' lang='lat' dir='ltr'><strong>satis</strong></span> <span class='ocrx_word' id='word_1_11' title='bbox 875 367 1014 446; x_wconf 91' lang='lat' dir='ltr'><strong>opis</strong></span> <span class='ocrx_word' id='word_1_12' title='bbox 1047 377 1107 431; x_wconf 92' lang='lat' dir='ltr'><strong>et</strong></span> <span class='ocrx_word' id='word_1_13' title='bbox 1135 367 1347 430; x_wconf 85' lang='lat' dir='ltr'><strong>auxilii</strong></span> <span class='ocrx_word' id='word_1_14' title='bbox 1377 366 1496 430; x_wconf 85' lang='lat' dir='ltr'><strong>sibi</strong></span> <span class='ocrx_word' id='word_1_15' title='bbox 1526 367 1589 430; x_wconf 92' lang='lat' dir='ltr'><strong>in</strong></span> <span class='ocrx_word' id='word_1_16' title='bbox 1616 369 1913 431; x_wconf 87' lang='lat' dir='ltr'><strong>Romanis</strong></span> <span class='ocrx_word' id='word_1_17' title='bbox 1949 377 2118 430; x_wconf 75' lang='lat' dir='ltr'><strong>esse.</strong></span> <span class='ocrx_word' id='word_1_18' title='bbox 2174 369 2243 430; x_wconf 88' lang='lat' dir='ltr'><strong>id</strong></span> <span class='ocrx_word' id='word_1_19' title='bbox 2268 369 2326 431; x_wconf 88' lang='lat' dir='ltr'><strong>si</strong></span> 
     </span>
     <span class='ocr_line' id='line_1_3' title="bbox 351 451 2325 529; baseline -0.001 -13"><span class='ocrx_word' id='word_1_20' title='bbox 351 455 584 517; x_wconf 88' lang='lat' dir='ltr'><strong>nullum</strong></span> <span class='ocrx_word' id='word_1_21' title='bbox 613 451 712 528; x_wconf 84' lang='lat' dir='ltr'><strong>sit,</strong></span> <span class='ocrx_word' id='word_1_22' title='bbox 743 451 796 513; x_wconf 87' lang='lat' dir='ltr'><strong>si</strong></span> <span class='ocrx_word' id='word_1_23' title='bbox 823 453 945 514; x_wconf 89' lang='lat' dir='ltr'><strong>sibi</strong></span> <span class='ocrx_word' id='word_1_24' title='bbox 974 467 1013 512; x_wconf 90' lang='lat' dir='ltr'><strong>a</strong></span> <span class='ocrx_word' id='word_1_25' title='bbox 1042 453 1300 514; x_wconf 87' lang='lat' dir='ltr'><strong>consule</strong></span> <span class='ocrx_word' id='word_1_26' title='bbox 1323 458 1601 528; x_wconf 78' lang='lat' dir='ltr'>negetur,</span> <span class='ocrx_word' id='word_1_27' title='bbox 1632 455 1790 514; x_wconf 86' lang='lat' dir='ltr'><strong>deos</strong></span> <span class='ocrx_word' id='word_1_28' title='bbox 1812 451 2225 529; x_wconf 73' lang='lat' dir='ltr'><strong>hominesque</strong></span> <span class='ocrx_word' id='word_1_29' title='bbox 2254 467 2325 514; x_wconf 85' lang='lat' dir='ltr'><strong>se</strong></span> 
     </span>
     <span class='ocr_line' id='line_1_4' title="bbox 351 534 2323 612; baseline -0.003 -11"><span class='ocrx_word' id='word_1_30' title='bbox 351 537 528 601; x_wconf 88' lang='lat' dir='ltr'><strong>testis</strong></span> <span class='ocrx_word' id='word_1_31' title='bbox 555 537 761 598; x_wconf 78' lang='lat' dir='ltr'><strong>facere</strong></span> <span class='ocrx_word' id='word_1_32' title='bbox 791 535 1016 598; x_wconf 90' lang='lat' dir='ltr'><strong>invitos</strong></span> <span class='ocrx_word' id='word_1_33' title='bbox 1047 543 1110 598; x_wconf 85' lang='lat' dir='ltr'><strong>et</strong></span> <span class='ocrx_word' id='word_1_34' title='bbox 1137 543 1393 598; x_wconf 87' lang='lat' dir='ltr'><strong>coactos</strong></span> <span class='ocrx_word' id='word_1_35' title='bbox 1420 543 1514 609; x_wconf 84' lang='lat' dir='ltr'><strong>s&#39;e,</strong></span> <span class='ocrx_word' id='word_1_36' title='bbox 1547 553 1626 597; x_wconf 92' lang='lat' dir='ltr'><strong>ne</strong></span> <span class='ocrx_word' id='word_1_37' title='bbox 1656 534 1871 600; x_wconf 86' lang='lat' dir='ltr'><strong>eadem</strong></span> <span class='ocrx_word' id='word_1_38' title='bbox 1897 540 2059 611; x_wconf 74' lang='lat' dir='ltr'><strong>quae</strong></span> <span class='ocrx_word' id='word_1_39' title='bbox 2075 535 2323 612; x_wconf 73' lang='lat' dir='ltr'><strong>Sagun-</strong></span> 
     </span>
     <span class='ocr_line' id='line_1_5' title="bbox 348 618 2323 698; baseline 0 -15"><span class='ocrx_word' id='word_1_40' title='bbox 348 618 460 684; x_wconf 89' lang='lat' dir='ltr'><strong>tini</strong></span> <span class='ocrx_word' id='word_1_41' title='bbox 489 619 667 698; x_wconf 87' lang='lat' dir='ltr'><strong>passi</strong></span> <span class='ocrx_word' id='word_1_42' title='bbox 696 619 818 681; x_wconf 87' lang='lat' dir='ltr'><strong>sint</strong></span> <span class='ocrx_word' id='word_1_43' title='bbox 843 619 1166 696; x_wconf 87' lang='lat' dir='ltr'><strong>patiantur,</strong></span> <span class='ocrx_word' id='word_1_44' title='bbox 1197 620 1571 695; x_wconf 83' lang='lat' dir='ltr'><strong>defecturos,</strong></span> <span class='ocrx_word' id='word_1_45' title='bbox 1604 628 1668 682; x_wconf 90' lang='lat' dir='ltr'><strong>et</strong></span> <span class='ocrx_word' id='word_1_46' title='bbox 1696 629 1833 681; x_wconf 85' lang='lat' dir='ltr'><strong>cum</strong></span> <span class='ocrx_word' id='word_1_47' title='bbox 1862 619 2087 681; x_wconf 69' lang='lat' dir='ltr'><strong>ceteris</strong></span> <span class='ocrx_word' id='word_1_48' title='bbox 2110 619 2323 696; x_wconf 75' lang='lat' dir='ltr'><strong>potius</strong></span> 
     </span>
     <span class='ocr_line' id='line_1_6' title="bbox 347 701 2323 782; baseline -0.002 -15"><span class='ocrx_word' id='word_1_49' title='bbox 347 703 646 782; x_wconf 88' lang='lat' dir='ltr'><strong>Hispanis</strong></span> <span class='ocrx_word' id='word_1_50' title='bbox 676 715 862 780; x_wconf 88' lang='lat' dir='ltr'><strong>quam</strong></span> <span class='ocrx_word' id='word_1_51' title='bbox 891 703 1064 765; x_wconf 91' lang='lat' dir='ltr'><strong>solos</strong></span> <span class='ocrx_word' id='word_1_52' title='bbox 1093 702 1407 778; x_wconf 86' lang='lat' dir='ltr'><strong>perituros</strong></span> <span class='ocrx_word' id='word_1_53' title='bbox 1439 713 1605 765; x_wconf 86' lang='lat' dir='ltr'><strong>esse.</strong></span> <span class='ocrx_word' id='word_1_54' title='bbox 1667 701 1797 763; x_wconf 81' lang='lat' dir='ltr'>XII.</span> <span class='ocrx_word' id='word_1_55' title='bbox 1842 706 1905 764; x_wconf 86' lang='lat' dir='ltr'><strong>et</strong></span> <span class='ocrx_word' id='word_1_56' title='bbox 1931 701 2039 766; x_wconf 78' lang='lat' dir='ltr'><strong>ill&#39;o</strong></span> <span class='ocrx_word' id='word_1_57' title='bbox 2070 703 2323 780; x_wconf 78' lang='lat' dir='ltr'><strong>quidem</strong></span> 
     </span>
     <span class='ocr_line' id='line_1_7' title="bbox 352 785 2321 862; baseline -0.002 -11"><span class='ocrx_word' id='word_1_58' title='bbox 352 787 452 851; x_wconf 87' lang='lat' dir='ltr'><strong>die</strong></span> <span class='ocrx_word' id='word_1_59' title='bbox 484 788 575 850; x_wconf 88' lang='lat' dir='ltr'><strong>sic</strong></span> <span class='ocrx_word' id='word_1_60' title='bbox 607 785 742 848; x_wconf 88' lang='lat' dir='ltr'><strong>sine</strong></span> <span class='ocrx_word' id='word_1_61' title='bbox 769 795 1080 862; x_wconf 83' lang='lat' dir='ltr'><strong>responso</strong></span> <span class='ocrx_word' id='word_1_62' title='bbox 1111 785 1371 848; x_wconf 79' lang='lat' dir='ltr'>dimissi.</span> <span class='ocrx_word' id='word_1_63' title='bbox 1438 787 1759 849; x_wconf 77' lang='lat' dir='ltr'><strong>consulem</strong></span> <span class='ocrx_word' id='word_1_64' title='bbox 1788 791 2003 861; x_wconf 74' lang='lat' dir='ltr'><strong>nocte,</strong></span> <span class='ocrx_word' id='word_1_65' title='bbox 2038 798 2201 862; x_wconf 78' lang='lat' dir='ltr'><strong>quae</strong></span> <span class='ocrx_word' id='word_1_66' title='bbox 2228 787 2321 848; x_wconf 74' lang='lat' dir='ltr'><strong>in-</strong></span> 
     </span>
     <span class='ocr_line' id='line_1_8' title="bbox 351 867 2321 948; baseline -0.001 -14"><span class='ocrx_word' id='word_1_67' title='bbox 351 881 568 934; x_wconf 85' lang='lat' dir='ltr'><strong>secuta</strong></span> <span class='ocrx_word' id='word_1_68' title='bbox 597 878 722 946; x_wconf 90' lang='lat' dir='ltr'><strong>est,</strong></span> <span class='ocrx_word' id='word_1_69' title='bbox 765 879 1000 946; x_wconf 85' lang='lat' dir='ltr'><strong>anceps</strong></span> <span class='ocrx_word' id='word_1_70' title='bbox 1048 884 1198 942; x_wconf 89' lang='lat' dir='ltr'><strong>cura</strong></span> <span class='ocrx_word' id='word_1_71' title='bbox 1235 869 1501 948; x_wconf 72' lang='lat' dir='ltr'><strong>agitare-2</strong></span> <span class='ocrx_word' id='word_1_72' title='bbox 1546 867 1709 932; x_wconf 79' lang='lat' dir='ltr'><strong>nolle</strong></span> <span class='ocrx_word' id='word_1_73' title='bbox 1752 871 2046 932; x_wconf 79' lang='lat' dir='ltr'><strong>deserere</strong></span> <span class='ocrx_word' id='word_1_74' title='bbox 2088 869 2321 944; x_wconf 81' lang='lat' dir='ltr'><strong>socios,</strong></span> 
     </span>
     <span class='ocr_line' id='line_1_9' title="bbox 350 951 2321 1031; baseline -0.001 -15"><span class='ocrx_word' id='word_1_75' title='bbox 350 957 515 1019; x_wconf 91' lang='lat' dir='ltr'><strong>nolle</strong></span> <span class='ocrx_word' id='word_1_76' title='bbox 543 955 820 1016; x_wconf 89' lang='lat' dir='ltr'><strong>minuere</strong></span> <span class='ocrx_word' id='word_1_77' title='bbox 850 951 1222 1029; x_wconf 79' lang='lat' dir='ltr'><strong>exercitum,</strong></span> <span class='ocrx_word' id='word_1_78' title='bbox 1267 956 1439 1031; x_wconf 85' lang='lat' dir='ltr'><strong>quod</strong></span> <span class='ocrx_word' id='word_1_79' title='bbox 1478 960 1585 1017; x_wconf 85' lang='lat' dir='ltr'><strong>aut</strong></span> <span class='ocrx_word' id='word_1_80' title='bbox 1622 971 1857 1015; x_wconf 86' lang='lat' dir='ltr'><strong>moram</strong></span> <span class='ocrx_word' id='word_1_81' title='bbox 1888 953 2007 1016; x_wconf 86' lang='lat' dir='ltr'><strong>sibi</strong></span> <span class='ocrx_word' id='word_1_82' title='bbox 2035 955 2118 1015; x_wconf 80' lang='lat' dir='ltr'><strong>ad</strong></span> <span class='ocrx_word' id='word_1_83' title='bbox 2145 953 2321 1016; x_wconf 75' lang='lat' dir='ltr'><strong>dimi—</strong></span> 
     </span>
     <span class='ocr_line' id='line_1_10' title="bbox 309 1031 2324 1114; baseline -0.001 -12"><span class='ocrx_word' id='word_1_84' title='bbox 309 1037 311 1039; x_wconf 78' lang='grc'><strong>’</strong></span> <span class='ocrx_word' id='word_1_85' title='bbox 351 1041 617 1102; x_wconf 87' lang='lat' dir='ltr'><strong>candum</strong></span> <span class='ocrx_word' id='word_1_86' title='bbox 647 1047 752 1100; x_wconf 88' lang='lat' dir='ltr'><strong>aut</strong></span> <span class='ocrx_word' id='word_1_87' title='bbox 779 1038 842 1099; x_wconf 88' lang='lat' dir='ltr'><strong>in</strong></span> <span class='ocrx_word' id='word_1_88' title='bbox 871 1031 1221 1100; x_wconf 83' lang='lat' dir='ltr'>dimicando</span> <span class='ocrx_word' id='word_1_89' title='bbox 1250 1038 1592 1114; x_wconf 85' lang='lat' dir='ltr'><strong>periculum</strong></span> <span class='ocrx_word' id='word_1_90' title='bbox 1619 1039 1863 1099; x_wconf 65' lang='lat' dir='ltr'><strong>adverte</strong></span> <span class='ocrx_word' id='word_1_91' title='bbox 1892 1047 2128 1114; x_wconf 73' lang='lat' dir='ltr'><strong>posset.</strong></span> <span class='ocrx_word' id='word_1_92' title='bbox 2201 1045 2324 1100; x_wconf 82' lang='lat' dir='ltr'><strong>stat</strong></span> 
     </span>
     <span class='ocr_line' id='line_1_11' title="bbox 352 1117 2324 1200; baseline -0.002 -14"><span class='ocrx_word' id='word_1_93' title='bbox 352 1123 656 1186; x_wconf 87' lang='lat' dir='ltr'><strong>sententia</strong></span> <span class='ocrx_word' id='word_1_94' title='bbox 683 1138 808 1184; x_wconf 92' lang='lat' dir='ltr'><strong>non</strong></span> <span class='ocrx_word' id='word_1_95' title='bbox 837 1121 1114 1183; x_wconf 88' lang='lat' dir='ltr'><strong>minuere</strong></span> <span class='ocrx_word' id='word_1_96' title='bbox 1145 1117 1395 1198; x_wconf 75' lang='lat' dir='ltr'><strong>copiaS,</strong></span> <span class='ocrx_word' id='word_1_97' title='bbox 1424 1133 1504 1184; x_wconf 90' lang='lat' dir='ltr'><strong>ne</strong></span> <span class='ocrx_word' id='word_1_98' title='bbox 1536 1117 1686 1200; x_wconf 76' lang='lat' dir='ltr'><strong>quio</strong></span> <span class='ocrx_word' id='word_1_99' title='bbox 1714 1121 1955 1184; x_wconf 78' lang='lat' dir='ltr'><strong>interim</strong></span> <span class='ocrx_word' id='word_1_100' title='bbox 1984 1121 2201 1185; x_wconf 86' lang='lat' dir='ltr'><strong>hostes</strong></span> <span class='ocrx_word' id='word_1_101' title='bbox 2227 1121 2324 1182; x_wconf 82' lang='lat' dir='ltr'><strong>in-</strong></span> 
     </span>
     <span class='ocr_line' id='line_1_12' title="bbox 354 1195 2319 1282; baseline -0.002 -14"><span class='ocrx_word' id='word_1_102' title='bbox 354 1210 549 1270; x_wconf 78' lang='lat' dir='ltr'><strong>ferant</strong></span> <span class='ocrx_word' id='word_1_103' title='bbox 576 1205 979 1282; x_wconf 80' lang='lat' dir='ltr'>ignominiae:</span> <span class='ocrx_word' id='word_1_104' title='bbox 1019 1195 1214 1266; x_wconf 84' lang='lat' dir='ltr'><strong>sociis</strong></span> <span class='ocrx_word' id='word_1_105' title='bbox 1257 1215 1437 1282; x_wconf 84' lang='lat' dir='ltr'><strong>spem</strong></span> <span class='ocrx_word' id='word_1_106' title='bbox 1474 1221 1587 1282; x_wconf 88' lang='lat' dir='ltr'><strong>pro</strong></span> <span class='ocrx_word' id='word_1_107' title='bbox 1618 1213 1687 1266; x_wconf 82' lang='lat' dir='ltr'><strong>re</strong></span> <span class='ocrx_word' id='word_1_108' title='bbox 1714 1205 2147 1267; x_wconf 69' lang='lat' dir='ltr'><strong>ostentandam</strong></span> <span class='ocrx_word' id='word_1_109' title='bbox 2170 1215 2319 1266; x_wconf 75' lang='lat' dir='ltr'><strong>cen-</strong></span> 
     </span>
     <span class='ocr_line' id='line_1_13' title="bbox 353 1287 2322 1367; baseline -0.002 -13"><span class='ocrx_word' id='word_1_110' title='bbox 353 1301 466 1354; x_wconf 88' lang='lat' dir='ltr'><strong>set.</strong></span> <span class='ocrx_word' id='word_1_111' title='bbox 511 1305 704 1367; x_wconf 87' lang='lat' dir='ltr'><strong>saepe</strong></span> <span class='ocrx_word' id='word_1_112' title='bbox 734 1304 896 1352; x_wconf 88' lang='lat' dir='ltr'><strong>vana</strong></span> <span class='ocrx_word' id='word_1_113' title='bbox 923 1301 1038 1367; x_wconf 90' lang='lat' dir='ltr'><strong>pro</strong></span> <span class='ocrx_word' id='word_1_114' title='bbox 1069 1289 1252 1364; x_wconf 85' lang='lat' dir='ltr'><strong>veris,</strong></span> <span class='ocrx_word' id='word_1_115' title='bbox 1284 1289 1547 1351; x_wconf 86' lang='lat' dir='ltr'><strong>maxime</strong></span> <span class='ocrx_word' id='word_1_116' title='bbox 1576 1290 1638 1350; x_wconf 87' lang='lat' dir='ltr'><strong>in</strong></span> <span class='ocrx_word' id='word_1_117' title='bbox 1672 1289 1868 1364; x_wconf 82' lang='lat' dir='ltr'><strong>belle,</strong></span> <span class='ocrx_word' id='word_1_118' title='bbox 1913 1287 2221 1362; x_wconf 78' lang='lat' dir='ltr'><strong>valuisse,-</strong></span> <span class='ocrx_word' id='word_1_119' title='bbox 2262 1297 2322 1350; x_wconf 82' lang='lat' dir='ltr'><strong>et</strong></span> 
     </span>
     <span class='ocr_line' id='line_1_14' title="bbox 352 1371 2321 1451; baseline -0.003 -13"><span class='ocrx_word' id='word_1_120' title='bbox 352 1376 702 1438; x_wconf 78' lang='lat' dir='ltr'><strong>credentem</strong></span> <span class='ocrx_word' id='word_1_121' title='bbox 731 1390 801 1435; x_wconf 90' lang='lat' dir='ltr'><strong>se</strong></span> <span class='ocrx_word' id='word_1_122' title='bbox 831 1371 1066 1451; x_wconf 89' lang='lat' dir='ltr'><strong>aliquid</strong></span> <span class='ocrx_word' id='word_1_123' title='bbox 1095 1372 1307 1434; x_wconf 81' lang='lat' dir='ltr'>auxilii</span> <span class='ocrx_word' id='word_1_124' title='bbox 1334 1371 1595 1449; x_wconf 82' lang='lat' dir='ltr'><strong>habere,</strong></span> <span class='ocrx_word' id='word_1_125' title='bbox 1623 1372 1883 1449; x_wconf 79' lang='lat' dir='ltr'><strong>perinde</strong></span> <span class='ocrx_word' id='word_1_126' title='bbox 1912 1380 2101 1448; x_wconf 87' lang='lat' dir='ltr'><strong>atque</strong></span> <span class='ocrx_word' id='word_1_127' title='bbox 2127 1371 2321 1432; x_wconf 81' lang='lat' dir='ltr'><strong>habe-</strong></span> 
     </span>
     <span class='ocr_line' id='line_1_15' title="bbox 349 1454 2321 1536; baseline -0.004 -13"><span class='ocrx_word' id='word_1_128' title='bbox 349 1469 474 1536; x_wconf 86' lang='lat' dir='ltr'><strong>ret,</strong></span> <span class='ocrx_word' id='word_1_129' title='bbox 516 1459 657 1535; x_wconf 86' lang='lat' dir='ltr'><strong>ipsa</strong></span> <span class='ocrx_word' id='word_1_130' title='bbox 698 1457 926 1520; x_wconf 87' lang='lat' dir='ltr'><strong>fiducia</strong></span> <span class='ocrx_word' id='word_1_131' title='bbox 967 1466 1028 1520; x_wconf 87' lang='lat' dir='ltr'><strong>et</strong></span> <span class='ocrx_word' id='word_1_132' title='bbox 1067 1454 1379 1534; x_wconf 81' lang='lat' dir='ltr'><strong>sperando</strong></span> <span class='ocrx_word' id='word_1_133' title='bbox 1424 1465 1613 1534; x_wconf 87' lang='lat' dir='ltr'><strong>atque</strong></span> <span class='ocrx_word' id='word_1_134' title='bbox 1652 1455 1941 1518; x_wconf 73' lang='lat' dir='ltr'><strong>audendo</strong></span> <span class='ocrx_word' id='word_1_135' title='bbox 1986 1465 2321 1518; x_wconf 79' lang='lat' dir='ltr'><strong>servatum.</strong></span> 
     </span>
     <span class='ocr_line' id='line_1_16' title="bbox 350 1541 2325 1622; baseline -0.003 -17"><span class='ocrx_word' id='word_1_136' title='bbox 350 1550 605 1622; x_wconf 89' lang='lat' dir='ltr'><strong>postero</strong></span> <span class='ocrx_word' id='word_1_137' title='bbox 649 1541 749 1602; x_wconf 89' lang='lat' dir='ltr'><strong>die</strong></span> <span class='ocrx_word' id='word_1_138' title='bbox 789 1541 1007 1617; x_wconf 82' lang='lat' dir='ltr'><strong>legatis</strong></span> <span class='ocrx_word' id='word_1_139' title='bbox 1048 1541 1404 1618; x_wconf 86' lang='lat' dir='ltr'><strong>respondit,</strong></span> <span class='ocrx_word' id='word_1_140' title='bbox 1460 1549 1837 1618; x_wconf 84' lang='lat' dir='ltr'><strong>quamquam</strong></span> <span class='ocrx_word' id='word_1_141' title='bbox 1878 1545 2199 1614; x_wconf 70' lang='lat' dir='ltr'><strong>vereatur,</strong></span> <span class='ocrx_word' id='word_1_142' title='bbox 2240 1551 2325 1600; x_wconf 81' lang='lat' dir='ltr'><strong>ne</strong></span> 
     </span>
     <span class='ocr_line' id='line_1_17' title="bbox 352 1623 2325 1700; baseline -0.002 -10"><span class='ocrx_word' id='word_1_143' title='bbox 352 1643 500 1690; x_wconf 85' lang='lat' dir='ltr'><strong>suas</strong></span> <span class='ocrx_word' id='word_1_144' title='bbox 527 1625 715 1700; x_wconf 81' lang='lat' dir='ltr'><strong>vires,</strong></span> <span class='ocrx_word' id='word_1_145' title='bbox 745 1626 880 1687; x_wconf 86' lang='lat' dir='ltr'><strong>aliis</strong></span> <span class='ocrx_word' id='word_1_146' title='bbox 911 1641 1020 1686; x_wconf 88' lang='lat' dir='ltr'><strong>eas</strong></span> <span class='ocrx_word' id='word_1_147' title='bbox 1051 1625 1528 1700; x_wconf 85' lang='lat' dir='ltr'><strong>commodando,</strong></span> <span class='ocrx_word' id='word_1_148' title='bbox 1556 1624 1807 1696; x_wconf 87' lang='lat' dir='ltr'><strong>minuat,</strong></span> <span class='ocrx_word' id='word_1_149' title='bbox 1838 1630 2043 1686; x_wconf 80' lang='lat' dir='ltr'><strong>tamen</strong></span> <span class='ocrx_word' id='word_1_150' title='bbox 2074 1623 2325 1686; x_wconf 80' lang='lat' dir='ltr'><strong>illorum</strong></span> 
     </span>
     <span class='ocr_line' id='line_1_18' title="bbox 353 1707 2323 1786; baseline -0.003 -14"><span class='ocrx_word' id='word_1_151' title='bbox 353 1728 424 1772; x_wconf 89' lang='lat' dir='ltr'><strong>se</strong></span> <span class='ocrx_word' id='word_1_152' title='bbox 451 1707 749 1784; x_wconf 85' lang='lat' dir='ltr'><strong>temporis</strong></span> <span class='ocrx_word' id='word_1_153' title='bbox 779 1726 853 1769; x_wconf 93' lang='lat' dir='ltr'><strong>ac</strong></span> <span class='ocrx_word' id='word_1_154' title='bbox 880 1707 1141 1786; x_wconf 87' lang='lat' dir='ltr'><strong>periculi</strong></span> <span class='ocrx_word' id='word_1_155' title='bbox 1170 1707 1369 1784; x_wconf 80' lang='lat' dir='ltr'><strong>magis</strong></span> <span class='ocrx_word' id='word_1_156' title='bbox 1403 1724 1589 1786; x_wconf 85' lang='lat' dir='ltr'><strong>quam</strong></span> <span class='ocrx_word' id='word_1_157' title='bbox 1619 1709 1718 1770; x_wconf 90' lang='lat' dir='ltr'><strong>sui</strong></span> <span class='ocrx_word' id='word_1_158' title='bbox 1744 1707 2047 1770; x_wconf 81' lang='lat' dir='ltr'><strong>rationem</strong></span> <span class='ocrx_word' id='word_1_159' title='bbox 2067 1707 2323 1770; x_wconf 81' lang='lat' dir='ltr'><strong>habere.</strong></span> 
     </span>
     <span class='ocr_line' id='line_1_19' title="bbox 353 1789 2324 1868; baseline -0.001 -13"><span class='ocrx_word' id='word_1_160' title='bbox 353 1789 699 1855; x_wconf 87' lang='lat' dir='ltr'><strong>denuntiari</strong></span> <span class='ocrx_word' id='word_1_161' title='bbox 737 1792 992 1854; x_wconf 86' lang='lat' dir='ltr'><strong>militum</strong></span> <span class='ocrx_word' id='word_1_162' title='bbox 1031 1791 1190 1868; x_wconf 86' lang='lat' dir='ltr'><strong>parti</strong></span> <span class='ocrx_word' id='word_1_163' title='bbox 1229 1789 1448 1854; x_wconf 77' lang='lat' dir='ltr'><strong>tertiae</strong></span> <span class='ocrx_word' id='word_1_164' title='bbox 1492 1806 1573 1853; x_wconf 85' lang='lat' dir='ltr'><strong>ex</strong></span> <span class='ocrx_word' id='word_1_165' title='bbox 1616 1791 1903 1855; x_wconf 84' lang='lat' dir='ltr'><strong>omnibus</strong></span> <span class='ocrx_word' id='word_1_166' title='bbox 1955 1790 2324 1854; x_wconf 72' lang='lat' dir='ltr'><strong>cohortibus</strong></span> 
     </span>
    </p>
   </div>
   <div class='ocr_carea' id='block_1_3' title="bbox 243 1875 2324 1952">
    <p class='ocr_par' dir='ltr' id='par_1_3' title="bbox 243 1875 2324 1952">
     <span class='ocr_line' id='line_1_20' title="bbox 243 1875 2324 1952; baseline -0.001 -14"><span class='ocrx_word' id='word_1_167' title='bbox 243 1875 248 1878; x_wconf 80' lang='grc'><strong>’</strong></span> <span class='ocrx_word' id='word_1_168' title='bbox 351 1875 537 1950; x_wconf 88' lang='lat' dir='ltr'><strong>iubet,</strong></span> <span class='ocrx_word' id='word_1_169' title='bbox 557 1884 625 1938; x_wconf 89' lang='lat' dir='ltr'><strong>ut</strong></span> <span class='ocrx_word' id='word_1_170' title='bbox 647 1875 867 1948; x_wconf 89' lang='lat' dir='ltr'><strong>cibum,</strong></span> <span class='ocrx_word' id='word_1_171' title='bbox 893 1890 1077 1952; x_wconf 90' lang='lat' dir='ltr'><strong>quem</strong></span> <span class='ocrx_word' id='word_1_172' title='bbox 1097 1875 1159 1935; x_wconf 89' lang='lat' dir='ltr'><strong>in</strong></span> <span class='ocrx_word' id='word_1_173' title='bbox 1186 1888 1381 1937; x_wconf 90' lang='lat' dir='ltr'><strong>naves</strong></span> <span class='ocrx_word' id='word_1_174' title='bbox 1403 1875 1739 1951; x_wconf 82' lang='lat' dir='ltr'><strong>imponant,</strong></span> <span class='ocrx_word' id='word_1_175' title='bbox 1764 1882 2001 1937; x_wconf 85' lang='lat' dir='ltr'><strong>mature</strong></span> <span class='ocrx_word' id='word_1_176' title='bbox 2016 1881 2324 1951; x_wconf 73' lang='lat' dir='ltr'><strong>coquan13</strong></span> 
     </span>
    </p>
   </div>
   <div class='ocr_carea' id='block_1_4' title="bbox 349 1957 2331 3548">
    <p class='ocr_par' dir='ltr' id='par_1_4' title="bbox 349 1957 2331 3548">
     <span class='ocr_line' id='line_1_21' title="bbox 353 1957 2323 2036; baseline 0.001 -14"><span class='ocrx_word' id='word_1_177' title='bbox 353 1977 673 2035; x_wconf 89' lang='lat' dir='ltr'><strong>navesque</strong></span> <span class='ocrx_word' id='word_1_178' title='bbox 700 1958 764 2021; x_wconf 86' lang='lat' dir='ltr'><strong>in</strong></span> <span class='ocrx_word' id='word_1_179' title='bbox 793 1959 957 2022; x_wconf 88' lang='lat' dir='ltr'><strong>diem</strong></span> <span class='ocrx_word' id='word_1_180' title='bbox 985 1959 1229 2022; x_wconf 87' lang='lat' dir='ltr'><strong>tertium</strong></span> <span class='ocrx_word' id='word_1_181' title='bbox 1257 1957 1541 2036; x_wconf 86' lang='lat' dir='ltr'><strong>expediri</strong></span> <span class='ocrx_word' id='word_1_182' title='bbox 1567 1958 1767 2023; x_wconf 87' lang='lat' dir='ltr'><strong>iussit.</strong></span> <span class='ocrx_word' id='word_1_183' title='bbox 1798 1961 1959 2022; x_wconf 86' lang='lat' dir='ltr'><strong>duos</strong></span> <span class='ocrx_word' id='word_1_184' title='bbox 1990 1972 2069 2021; x_wconf 80' lang='lat' dir='ltr'><strong>ex</strong></span> <span class='ocrx_word' id='word_1_185' title='bbox 2097 1959 2323 2036; x_wconf 76' lang='lat' dir='ltr'><strong>legatis</strong></span> 
     </span>
     <span class='ocr_line' id='line_1_22' title="bbox 351 2042 2323 2121; baseline -0.001 -15"><span class='ocrx_word' id='word_1_186' title='bbox 351 2043 632 2119; x_wconf 83' lang='lat' dir='ltr'>Bilistagi</span> <span class='ocrx_word' id='word_1_187' title='bbox 660 2052 847 2121; x_wconf 87' lang='lat' dir='ltr'><strong>atque</strong></span> <span class='ocrx_word' id='word_1_188' title='bbox 871 2044 1232 2121; x_wconf 84' lang='lat' dir='ltr'><strong>Ilergetibus</strong></span> <span class='ocrx_word' id='word_1_189' title='bbox 1255 2042 1537 2105; x_wconf 83' lang='lat' dir='ltr'><strong>nuntiare</strong></span> <span class='ocrx_word' id='word_1_190' title='bbox 1566 2059 1643 2105; x_wconf 89' lang='lat' dir='ltr'><strong>ea</strong></span> <span class='ocrx_word' id='word_1_191' title='bbox 1670 2044 1869 2106; x_wconf 75' lang='lat' dir='ltr'><strong>iubetz</strong></span> <span class='ocrx_word' id='word_1_192' title='bbox 1900 2043 2091 2105; x_wconf 86' lang='lat' dir='ltr'><strong>filium</strong></span> <span class='ocrx_word' id='word_1_193' title='bbox 2120 2045 2323 2119; x_wconf 81' lang='lat' dir='ltr'><strong>reguli</strong></span> 
     </span>
     <span class='ocr_line' id='line_1_23' title="bbox 355 2126 2321 2205; baseline -0.002 -16"><span class='ocrx_word' id='word_1_194' title='bbox 355 2126 610 2189; x_wconf 90' lang='lat' dir='ltr'><strong>comiter</strong></span> <span class='ocrx_word' id='word_1_195' title='bbox 637 2127 924 2190; x_wconf 90' lang='lat' dir='ltr'><strong>habendo</strong></span> <span class='ocrx_word' id='word_1_196' title='bbox 955 2136 1016 2190; x_wconf 89' lang='lat' dir='ltr'><strong>et</strong></span> <span class='ocrx_word' id='word_1_197' title='bbox 1043 2128 1401 2190; x_wconf 90' lang='lat' dir='ltr'><strong>muneribus</strong></span> <span class='ocrx_word' id='word_1_198' title='bbox 1424 2128 1592 2205; x_wconf 87' lang='lat' dir='ltr'><strong>apud</strong></span> <span class='ocrx_word' id='word_1_199' title='bbox 1612 2141 1683 2191; x_wconf 80' lang='lat' dir='ltr'><strong>se</strong></span> <span class='ocrx_word' id='word_1_200' title='bbox 1710 2127 1949 2203; x_wconf 69' lang='lat' dir='ltr'><strong>retinet,</strong></span> <span class='ocrx_word' id='word_1_201' title='bbox 1978 2128 2164 2202; x_wconf 82' lang='lat' dir='ltr'><strong>legati</strong></span> <span class='ocrx_word' id='word_1_202' title='bbox 2192 2144 2321 2187; x_wconf 91' lang='lat' dir='ltr'><strong>non</strong></span> 
     </span>
     <span class='ocr_line' id='line_1_24' title="bbox 353 2210 2326 2290; baseline -0.003 -16"><span class='ocrx_word' id='word_1_203' title='bbox 353 2220 496 2274; x_wconf 88' lang='lat' dir='ltr'><strong>ante</strong></span> <span class='ocrx_word' id='word_1_204' title='bbox 524 2212 817 2288; x_wconf 80' lang='lat' dir='ltr'><strong>profecti,</strong></span> <span class='ocrx_word' id='word_1_205' title='bbox 865 2228 1048 2289; x_wconf 89' lang='lat' dir='ltr'><strong>quam</strong></span> <span class='ocrx_word' id='word_1_206' title='bbox 1076 2212 1401 2290; x_wconf 87' lang='lat' dir='ltr'><strong>impositos</strong></span> <span class='ocrx_word' id='word_1_207' title='bbox 1430 2212 1495 2274; x_wconf 85' lang='lat' dir='ltr'><strong>in</strong></span> <span class='ocrx_word' id='word_1_208' title='bbox 1524 2226 1717 2273; x_wconf 87' lang='lat' dir='ltr'><strong>naves</strong></span> <span class='ocrx_word' id='word_1_209' title='bbox 1748 2210 1971 2273; x_wconf 81' lang='lat' dir='ltr'><strong>milites</strong></span> <span class='ocrx_word' id='word_1_210' title='bbox 1999 2210 2326 2273; x_wconf 68' lang='lat' dir='ltr'><strong>videruntz</strong></span> 
     </span>
     <span class='ocr_line' id='line_1_25' title="bbox 353 2294 2328 2373; baseline 0 -16"><span class='ocrx_word' id='word_1_211' title='bbox 353 2296 418 2357; x_wconf 90' lang='lat' dir='ltr'><strong>id</strong></span> <span class='ocrx_word' id='word_1_212' title='bbox 457 2312 572 2373; x_wconf 91' lang='lat' dir='ltr'><strong>pro</strong></span> <span class='ocrx_word' id='word_1_213' title='bbox 615 2296 782 2358; x_wconf 89' lang='lat' dir='ltr'><strong>haud</strong></span> <span class='ocrx_word' id='word_1_214' title='bbox 822 2295 1009 2359; x_wconf 88' lang='lat' dir='ltr'><strong>dubio</strong></span> <span class='ocrx_word' id='word_1_215' title='bbox 1048 2297 1172 2357; x_wconf 85' lang='lat' dir='ltr'><strong>iarn</strong></span> <span class='ocrx_word' id='word_1_216' title='bbox 1212 2294 1729 2357; x_wconf 83' lang='lat' dir='ltr'><strong>nuntiantes&#39;non</strong></span> <span class='ocrx_word' id='word_1_217' title='bbox 1776 2312 1929 2357; x_wconf 89' lang='lat' dir='ltr'><strong>suos</strong></span> <span class='ocrx_word' id='word_1_218' title='bbox 1970 2296 2157 2357; x_wconf 92' lang='lat' dir='ltr'><strong>modo</strong></span> <span class='ocrx_word' id='word_1_219' title='bbox 2205 2296 2328 2357; x_wconf 85' lang='lat' dir='ltr'><strong>sed</strong></span> 
     </span>
     <span class='ocr_line' id='line_1_26' title="bbox 353 2377 2327 2455; baseline -0.002 -14"><span class='ocrx_word' id='word_1_220' title='bbox 353 2380 538 2441; x_wconf 84' lang='lat' dir='ltr'><strong>etiam</strong></span> <span class='ocrx_word' id='word_1_221' title='bbox 562 2379 762 2441; x_wconf 83' lang='lat' dir='ltr'><strong>hostis</strong></span> <span class='ocrx_word' id='word_1_222' title='bbox 787 2382 949 2441; x_wconf 79' lang='lat' dir='ltr'><strong>fama</strong></span> <span class='ocrx_word' id='word_1_223' title='bbox 961 2380 1226 2451; x_wconf 86' lang='lat' dir='ltr'><strong>Romani</strong></span> <span class='ocrx_word' id='word_1_224' title='bbox 1248 2378 1461 2442; x_wconf 84' lang='lat' dir='ltr'>auxilii</span> <span class='ocrx_word' id='word_1_225' title='bbox 1482 2377 1871 2441; x_wconf 88' lang='lat' dir='ltr'><strong>adventantis</strong></span> <span class='ocrx_word' id='word_1_226' title='bbox 1895 2378 2327 2455; x_wconf 84' lang='lat' dir='ltr'><strong>impleverunt,</strong></span> 
     </span>
     <span class='ocr_line' id='line_1_27' title="bbox 351 2462 2327 2540; baseline -0.002 -13"><span class='ocrx_word' id='word_1_227' title='bbox 351 2462 508 2527; x_wconf 88' lang='lat' dir='ltr'>XIII.</span> <span class='ocrx_word' id='word_1_228' title='bbox 581 2465 831 2537; x_wconf 90' lang='lat' dir='ltr'><strong>consul,</strong></span> <span class='ocrx_word' id='word_1_229' title='bbox 871 2462 978 2523; x_wconf 85' lang='lat' dir='ltr'><strong>ubi</strong></span> <span class='ocrx_word' id='word_1_230' title='bbox 1008 2464 1159 2525; x_wconf 88' lang='lat' dir='ltr'><strong>satis</strong></span> <span class='ocrx_word' id='word_1_231' title='bbox 1201 2464 1373 2540; x_wconf 91' lang='lat' dir='ltr'><strong>quod</strong></span> <span class='ocrx_word' id='word_1_232' title='bbox 1413 2462 1476 2525; x_wconf 90' lang='lat' dir='ltr'><strong>in</strong></span> <span class='ocrx_word' id='word_1_233' title='bbox 1506 2462 1781 2540; x_wconf 86' lang='lat' dir='ltr'><strong>speciem</strong></span> <span class='ocrx_word' id='word_1_234' title='bbox 1811 2462 1922 2524; x_wconf 77' lang='lat' dir='ltr'><strong>fuit</strong></span> <span class='ocrx_word' id='word_1_235' title='bbox 1949 2470 2327 2525; x_wconf 81' lang='lat' dir='ltr'><strong>ostentatum</strong></span> 
     </span>
     <span class='ocr_line' id='line_1_28' title="bbox 355 2544 2327 2627; baseline -0.001 -19"><span class='ocrx_word' id='word_1_236' title='bbox 355 2552 478 2619; x_wconf 89' lang='lat' dir='ltr'><strong>est,</strong></span> <span class='ocrx_word' id='word_1_237' title='bbox 521 2544 804 2607; x_wconf 87' lang='lat' dir='ltr'><strong>revocari</strong></span> <span class='ocrx_word' id='word_1_238' title='bbox 847 2562 927 2607; x_wconf 85' lang='lat' dir='ltr'><strong>ex</strong></span> <span class='ocrx_word' id='word_1_239' title='bbox 957 2548 1216 2610; x_wconf 88' lang='lat' dir='ltr'><strong>navibus</strong></span> <span class='ocrx_word' id='word_1_240' title='bbox 1245 2546 1469 2609; x_wconf 85' lang='lat' dir='ltr'><strong>milites</strong></span> <span class='ocrx_word' id='word_1_241' title='bbox 1494 2544 1694 2609; x_wconf 77' lang='lat' dir='ltr'><strong>iubet:</strong></span> <span class='ocrx_word' id='word_1_242' title='bbox 1736 2546 1908 2623; x_wconf 87' lang='lat' dir='ltr'><strong>ipse,</strong></span> <span class='ocrx_word' id='word_1_243' title='bbox 1938 2545 2227 2608; x_wconf 73' lang='lat' dir='ltr'><strong>cumiani</strong></span> <span class='ocrx_word' id='word_1_244' title='bbox 2255 2546 2327 2627; x_wconf 83' lang='lat' dir='ltr'><strong>id</strong></span> 
     </span>
     <span class='ocr_line' id='line_1_29' title="bbox 352 2628 2326 2707; baseline 0 -16"><span class='ocrx_word' id='word_1_245' title='bbox 352 2636 596 2705; x_wconf 87' lang='lat' dir='ltr'><strong>tempus</strong></span> <span class='ocrx_word' id='word_1_246' title='bbox 625 2628 768 2689; x_wconf 90' lang='lat' dir='ltr'><strong>anni</strong></span> <span class='ocrx_word' id='word_1_247' title='bbox 797 2638 1144 2706; x_wconf 87' lang='lat' dir='ltr'><strong>appeteret,</strong></span> <span class='ocrx_word' id='word_1_248' title='bbox 1189 2643 1313 2707; x_wconf 85' lang='lat' dir='ltr'><strong>quo</strong></span> <span class='ocrx_word' id='word_1_249' title='bbox 1358 2632 1489 2707; x_wconf 81' lang='lat' dir='ltr'><strong>geri</strong></span> <span class='ocrx_word' id='word_1_250' title='bbox 1516 2644 1619 2692; x_wconf 84' lang='lat' dir='ltr'><strong>res</strong></span> <span class='ocrx_word' id='word_1_251' title='bbox 1649 2639 1941 2707; x_wconf 85' lang='lat' dir='ltr'><strong>possent,</strong></span> <span class='ocrx_word' id='word_1_252' title='bbox 1985 2638 2189 2691; x_wconf 86' lang='lat' dir='ltr'><strong>castra</strong></span> <span class='ocrx_word' id='word_1_253' title='bbox 2228 2628 2326 2691; x_wconf 82' lang='lat' dir='ltr'><strong>hi·</strong></span> 
     </span>
     <span class='ocr_line' id='line_1_30' title="bbox 351 2710 2331 2791; baseline 0.001 -19"><span class='ocrx_word' id='word_1_254' title='bbox 351 2714 545 2773; x_wconf 85' lang='lat' dir='ltr'><strong>berna</strong></span> <span class='ocrx_word' id='word_1_255' title='bbox 583 2712 700 2773; x_wconf 85' lang='lat' dir='ltr'><strong>tria</strong></span> <span class='ocrx_word' id='word_1_256' title='bbox 727 2712 892 2773; x_wconf 92' lang='lat' dir='ltr'><strong>milia</strong></span> <span class='ocrx_word' id='word_1_257' title='bbox 918 2726 1218 2790; x_wconf 85' lang='lat' dir='ltr'><strong>passuum</strong></span> <span class='ocrx_word' id='word_1_258' title='bbox 1257 2716 1335 2776; x_wconf 91' lang='lat' dir='ltr'><strong>ab</strong></span> <span class='ocrx_word' id='word_1_259' title='bbox 1374 2710 1685 2791; x_wconf 80' lang='lat' dir='ltr'><strong>Emporiis</strong></span> <span class='ocrx_word' id='word_1_260' title='bbox 1732 2713 1958 2791; x_wconf 84' lang='lat' dir='ltr'><strong>posuit.</strong></span> <span class='ocrx_word' id='word_1_261' title='bbox 2018 2712 2165 2774; x_wconf 88' lang='lat' dir='ltr'><strong>inde</strong></span> <span class='ocrx_word' id='word_1_262' title='bbox 2206 2725 2331 2790; x_wconf 82' lang='lat' dir='ltr'><strong>per</strong></span> 
     </span>
     <span class='ocr_line' id='line_1_31' title="bbox 356 2794 2329 2877; baseline 0.001 -19"><span class='ocrx_word' id='word_1_263' title='bbox 356 2794 751 2870; x_wconf 77' lang='lat' dir='ltr'><strong>occasione3‚</strong></span> <span class='ocrx_word' id='word_1_264' title='bbox 795 2812 958 2859; x_wconf 90' lang='lat' dir='ltr'><strong>nunc</strong></span> <span class='ocrx_word' id='word_1_265' title='bbox 998 2798 1116 2860; x_wconf 88' lang='lat' dir='ltr'><strong>hac</strong></span> <span class='ocrx_word' id='word_1_266' title='bbox 1156 2808 1333 2877; x_wconf 87' lang='lat' dir='ltr'><strong>parte</strong></span> <span class='ocrx_word' id='word_1_267' title='bbox 1374 2813 1537 2861; x_wconf 87' lang='lat' dir='ltr'><strong>nunc</strong></span> <span class='ocrx_word' id='word_1_268' title='bbox 1579 2797 1682 2859; x_wconf 87' lang='lat' dir='ltr'><strong>illa</strong></span> <span class='ocrx_word' id='word_1_269' title='bbox 1724 2798 1970 2861; x_wconf 88' lang='lat' dir='ltr'><strong>modico</strong></span> <span class='ocrx_word' id='word_1_270' title='bbox 2003 2796 2329 2875; x_wconf 84' lang='lat' dir='ltr'><strong>praesidio</strong></span> 
     </span>
     <span class='ocr_line' id='line_1_32' title="bbox 355 2878 2324 2959; baseline 0.001 -18"><span class='ocrx_word' id='word_1_271' title='bbox 355 2878 572 2941; x_wconf 86' lang='lat' dir='ltr'><strong>castris</strong></span> <span class='ocrx_word' id='word_1_272' title='bbox 600 2878 814 2942; x_wconf 86' lang='lat' dir='ltr'><strong>relicto</strong></span> <span class='ocrx_word' id='word_1_273' title='bbox 847 2884 1208 2957; x_wconf 88' lang='lat' dir='ltr'><strong>praedatum</strong></span> <span class='ocrx_word' id='word_1_274' title='bbox 1235 2882 1461 2944; x_wconf 79' lang='lat' dir='ltr'><strong>milites</strong></span> <span class='ocrx_word' id='word_1_275' title='bbox 1490 2882 1552 2943; x_wconf 92' lang='lat' dir='ltr'><strong>in</strong></span> <span class='ocrx_word' id='word_1_276' title='bbox 1581 2879 1853 2945; x_wconf 88' lang='lat' dir='ltr'><strong>hostium</strong></span> <span class='ocrx_word' id='word_1_277' title='bbox 1874 2898 2061 2959; x_wconf 83' lang='lat' dir='ltr'><strong>agros</strong></span> <span class='ocrx_word' id='word_1_278' title='bbox 2092 2881 2324 2943; x_wconf 85' lang='lat' dir='ltr'><strong>educe-</strong></span> 
     </span>
     <span class='ocr_line' id='line_1_33' title="bbox 352 2962 2325 3043; baseline 0 -18"><span class='ocrx_word' id='word_1_279' title='bbox 352 2965 474 3026; x_wconf 87' lang='lat' dir='ltr'><strong>bat.</strong></span> <span class='ocrx_word' id='word_1_280' title='bbox 521 2972 704 3027; x_wconf 88' lang='lat' dir='ltr'><strong>nocte</strong></span> <span class='ocrx_word' id='word_1_281' title='bbox 733 2966 926 3027; x_wconf 85' lang='lat' dir='ltr'><strong>ferme</strong></span> <span class='ocrx_word' id='word_1_282' title='bbox 953 2966 1525 3042; x_wconf 85' lang='lat' dir='ltr'><strong>proficiscebantur,</strong></span> <span class='ocrx_word' id='word_1_283' title='bbox 1554 2971 1623 3028; x_wconf 87' lang='lat' dir='ltr'><strong>ut</strong></span> <span class='ocrx_word' id='word_1_284' title='bbox 1651 2975 1714 3029; x_wconf 85' lang='lat' dir='ltr'><strong>et</strong></span> <span class='ocrx_word' id='word_1_285' title='bbox 1742 2982 1927 3043; x_wconf 88' lang='lat' dir='ltr'><strong>quam</strong></span> <span class='ocrx_word' id='word_1_286' title='bbox 1953 2962 2325 3041; x_wconf 78' lang='lat' dir='ltr'><strong>longissime</strong></span> 
     </span>
     <span class='ocr_line' id='line_1_34' title="bbox 352 3046 2323 3127; baseline -0.001 -17"><span class='ocrx_word' id='word_1_287' title='bbox 352 3067 391 3110; x_wconf 89' lang='lat' dir='ltr'><strong>a</strong></span> <span class='ocrx_word' id='word_1_288' title='bbox 420 3046 640 3112; x_wconf 89' lang='lat' dir='ltr'><strong>castris</strong></span> <span class='ocrx_word' id='word_1_289' title='bbox 662 3051 1071 3127; x_wconf 81' lang='lat' dir='ltr'><strong>procederent</strong></span> <span class='ocrx_word' id='word_1_290' title='bbox 1095 3058 1156 3111; x_wconf 89' lang='lat' dir='ltr'><strong>et</strong></span> <span class='ocrx_word' id='word_1_291' title='bbox 1172 3049 1553 3127; x_wconf 79' lang='lat' dir='ltr'><strong>inopinantis</strong></span> <span class='ocrx_word' id='word_1_292' title='bbox 1580 3051 2015 3127; x_wconf 83' lang='lat' dir='ltr'><strong>opprimerent.</strong></span> <span class='ocrx_word' id='word_1_293' title='bbox 2057 3057 2118 3112; x_wconf 90' lang='lat' dir='ltr'><strong>et</strong></span> <span class='ocrx_word' id='word_1_294' title='bbox 2139 3062 2323 3110; x_wconf 86' lang='lat' dir='ltr'><strong>exer-</strong></span> 
     </span>
     <span class='ocr_line' id='line_1_35' title="bbox 353 3130 2325 3211; baseline -0.001 -17"><span class='ocrx_word' id='word_1_295' title='bbox 353 3133 532 3194; x_wconf 89' lang='lat' dir='ltr'><strong>cebat</strong></span> <span class='ocrx_word' id='word_1_296' title='bbox 561 3150 636 3195; x_wconf 91' lang='lat' dir='ltr'><strong>ea</strong></span> <span class='ocrx_word' id='word_1_297' title='bbox 664 3150 768 3195; x_wconf 87' lang='lat' dir='ltr'><strong>res</strong></span> <span class='ocrx_word' id='word_1_298' title='bbox 797 3150 998 3197; x_wconf 90' lang='lat' dir='ltr'><strong>novos</strong></span> <span class='ocrx_word' id='word_1_299' title='bbox 1027 3134 1268 3211; x_wconf 88' lang='lat' dir='ltr'><strong>milites,</strong></span> <span class='ocrx_word' id='word_1_300' title='bbox 1301 3143 1363 3196; x_wconf 86' lang='lat' dir='ltr'><strong>et</strong></span> <span class='ocrx_word' id='word_1_301' title='bbox 1380 3134 1652 3197; x_wconf 81' lang='lat' dir='ltr'><strong>hostium</strong></span> <span class='ocrx_word' id='word_1_302' title='bbox 1676 3144 1901 3211; x_wconf 79' lang='lat' dir='ltr'><strong>mag-na</strong></span> <span class='ocrx_word' id='word_1_303' title='bbox 1923 3132 2020 3193; x_wconf 89' lang='lat' dir='ltr'><strong>vis</strong></span> <span class='ocrx_word' id='word_1_304' title='bbox 2045 3130 2325 3207; x_wconf 86' lang='lat' dir='ltr'><strong>excipie-</strong></span> 
     </span>
     <span class='ocr_line' id='line_1_36' title="bbox 351 3216 2327 3295; baseline -0.002 -17"><span class='ocrx_word' id='word_1_305' title='bbox 351 3218 558 3278; x_wconf 81' lang='lat' dir='ltr'><strong>batur:</strong></span> <span class='ocrx_word' id='word_1_306' title='bbox 589 3234 705 3279; x_wconf 92' lang='lat' dir='ltr'><strong>nec</strong></span> <span class='ocrx_word' id='word_1_307' title='bbox 735 3217 856 3279; x_wconf 89' lang='lat' dir='ltr'><strong>iam</strong></span> <span class='ocrx_word' id='word_1_308' title='bbox 879 3218 1090 3295; x_wconf 81' lang='lat' dir='ltr'><strong>egredi</strong></span> <span class='ocrx_word' id='word_1_309' title='bbox 1117 3226 1295 3280; x_wconf 87' lang='lat' dir='ltr'><strong>extra</strong></span> <span class='ocrx_word' id='word_1_310' title='bbox 1316 3218 1692 3279; x_wconf 84' lang='lat' dir='ltr'><strong>munimenta</strong></span> <span class='ocrx_word' id='word_1_311' title='bbox 1714 3217 2107 3279; x_wconf 80' lang='lat' dir='ltr'><strong>castellorum</strong></span> <span class='ocrx_word' id='word_1_312' title='bbox 2126 3216 2327 3276; x_wconf 79' lang='lat' dir='ltr'><strong>aude-—</strong></span> 
     </span>
     <span class='ocr_line' id='line_1_37' title="bbox 349 3298 2324 3365; baseline -0.001 -4"><span class='ocrx_word' id='word_1_313' title='bbox 349 3302 516 3362; x_wconf 88' lang='lat' dir='ltr'><strong>bant.</strong></span> <span class='ocrx_word' id='word_1_314' title='bbox 597 3300 703 3363; x_wconf 87' lang='lat' dir='ltr'><strong>ubi</strong></span> <span class='ocrx_word' id='word_1_315' title='bbox 753 3302 904 3363; x_wconf 84' lang='lat' dir='ltr'><strong>satis</strong></span> <span class='ocrx_word' id='word_1_316' title='bbox 945 3303 1281 3365; x_wconf 87' lang='lat' dir='ltr'><strong>admodum</strong></span> <span class='ocrx_word' id='word_1_317' title='bbox 1314 3310 1375 3363; x_wconf 86' lang='lat' dir='ltr'><strong>et</strong></span> <span class='ocrx_word' id='word_1_318' title='bbox 1404 3312 1656 3365; x_wconf 81' lang='lat' dir='ltr'><strong>suorum</strong></span> <span class='ocrx_word' id='word_1_319' title='bbox 1686 3311 1747 3363; x_wconf 85' lang='lat' dir='ltr'><strong>et</strong></span> <span class='ocrx_word' id='word_1_320' title='bbox 1772 3299 2046 3362; x_wconf 82' lang='lat' dir='ltr'><strong>hostium</strong></span> <span class='ocrx_word' id='word_1_321' title='bbox 2074 3298 2324 3361; x_wconf 85' lang='lat' dir='ltr'><strong>animos</strong></span> 
     </span>
     <span class='ocr_line' id='line_1_38' title="bbox 353 3382 2323 3464; baseline -0.001 -20"><span class='ocrx_word' id='word_1_322' title='bbox 353 3392 450 3445; x_wconf 87' lang='lat' dir='ltr'><strong>est</strong></span> <span class='ocrx_word' id='word_1_323' title='bbox 477 3392 788 3460; x_wconf 81' lang='lat' dir='ltr'><strong>expertuS‚</strong></span> <span class='ocrx_word' id='word_1_324' title='bbox 821 3386 1154 3448; x_wconf 89' lang='lat' dir='ltr'><strong>convocari</strong></span> <span class='ocrx_word' id='word_1_325' title='bbox 1182 3386 1460 3449; x_wconf 89' lang='lat' dir='ltr'><strong>tribunos</strong></span> <span class='ocrx_word' id='word_1_326' title='bbox 1482 3387 1963 3464; x_wconf 78' lang='lat' dir='ltr'><strong>praefectosque</strong></span> <span class='ocrx_word' id='word_1_327' title='bbox 1988 3390 2049 3445; x_wconf 86' lang='lat' dir='ltr'><strong>et</strong></span> <span class='ocrx_word' id='word_1_328' title='bbox 2072 3382 2323 3459; x_wconf 76' lang='lat' dir='ltr'><strong>equites</strong></span> 
     </span>
     <span class='ocr_line' id='line_1_39' title="bbox 350 3466 2325 3548; baseline 0 -21"><span class='ocrx_word' id='word_1_329' title='bbox 350 3482 572 3529; x_wconf 86' lang='lat' dir='ltr'><strong>omnes</strong></span> <span class='ocrx_word' id='word_1_330' title='bbox 595 3476 655 3529; x_wconf 89' lang='lat' dir='ltr'><strong>et</strong></span> <span class='ocrx_word' id='word_1_331' title='bbox 679 3468 1068 3533; x_wconf 86' lang='lat' dir='ltr'><strong>centuriones</strong></span> <span class='ocrx_word' id='word_1_332' title='bbox 1091 3468 1293 3533; x_wconf 88' lang='lat' dir='ltr'><strong>iussit.</strong></span> <span class='ocrx_word' id='word_1_333' title='bbox 1318 3474 1643 3548; x_wconf 80' lang='lat' dir='ltr'><strong>,‚tempus“</strong></span> <span class='ocrx_word' id='word_1_334' title='bbox 1664 3467 1864 3547; x_wconf 84' lang='lat' dir='ltr'><strong>inquit</strong></span> <span class='ocrx_word' id='word_1_335' title='bbox 1884 3466 2098 3545; x_wconf 86' lang='lat' dir='ltr'><strong>„quod</strong></span> <span class='ocrx_word' id='word_1_336' title='bbox 2120 3479 2325 3543; x_wconf 84' lang='lat' dir='ltr'><strong>saepe</strong></span> 
     </span>
    </p>
   </div>
  </div>
 </body>
</html>
