2548 3950
418 217 543 282 170
688 219 917 278 LIBER
945 217 1212 278 xxxiv.
1260 217 1426 277 CAP.
1456 225 1543 280 56.
1568 225 1656 280 57.
1701 219 1776 296 [a.
1807 222 1878 276 U.
1908 239 1957 276 ο.
1987 215 2118 294 ⁵59]

414 377 815 432 maturaretur
842 385 963 444 res,
996 368 1310 444 proficisci
1341 368 1419 426 ad
1450 368 1735 427 dilectum
1765 368 1959 430 iussit.
2005 368 2224 430 Fulvio
2245 370 2374 430 Fla-

413 455 727 528 minioque
752 461 926 514 terna
956 454 1119 513 milia
1146 454 1561 514 Rornanorum
1589 452 1888 526 peditum,
1938 454 2182 514 centeni
2211 455 2373 529 equi-

412 545 507 598 tes
535 539 598 599 in
623 539 1130 614 supplementum,
1161 543 1224 596 et
1245 536 1432 612 quina
1453 535 1617 594 milia
1638 537 1874 596 socium
1894 535 2094 597 Latini
2117 537 2371 598 nominis

410 631 473 682 et
502 623 723 683 duceni
764 622 1005 696 equites
1036 622 1297 690 decreti;
1341 619 1832 695 mandatumque·
1846 620 2271 694 praetoribuS,
2313 629 2372 680 ut

410 714 653 766 veteres
685 706 1051 768 dimitterent
1078 705 1329 778 milites,
1377 719 1514 763 cum
1541 703 1602 763 in
1632 703 2014 778 provinciam
2043 705 2368 765 venissent.

410 805 552 850 cum
595 791 813 850 'milites
860 789 963 864 qui
1005 790 1065 848 in
1108 788 1454 864 legionibus
1495 787 1747 847 urbanis
1775 795 1978 860 crant,
2023 788 2367 864 frequentes

407 873 689 934 tribunos
721 872 923 948 plebei
953 871 1257 944 adissent,
1291 872 1378 931 uti
1408 887 1632 932 causas
1664 879 2119 944 cognoscerent
2145 887 2365 943 eorum,

408 957 639 1032 quibus
683 963 789 1017 aut
830 955 1083 1017 emerita
1124 955 1434 1030 stipendia
1476 961 1580 1016 aut
1607 954 1858 1015 morbus
1889 970 2123 1016 causae
2151 964 2368 1028 essent,

410 1057 537 1116 quo
588 1039 789 1101 minus
840 1041 1187 1114 militarent,
1240 1054 1376 1098 eam
1426 1053 1556 1098 rem
1605 1037 1840 1099 litterae
1887 1038 1974 1098 Ti.
2029 1036 2368 1115 Sempronii

404 1125 866 1196 discusserunt,
917 1123 977 1182 in
1031 1122 1253 1199 quibus
1307 1122 1602 1197 scriptum
1653 1129 1782 1182 erat
1820 1121 2112 1196 Ligurum
2161 1124 2367 1184 decem

408 1205 576 1267 milia
623 1207 686 1267 in
728 1221 941 1280 agrum
979 1205 1396 1266 Placentinum
1437 1206 1718 1280 venisse,
1771 1211 1834 1264 et
1871 1221 2012 1266 eum
2052 1222 2258 1283 usque
2295 1207 2368 1266 ad

405 1291 551 1366 ipsa
593 1290 876 1350 coloniae
916 1290 1160 1351 moenia
1199 1297 1260 1350 et
1287 1289 1437 1349 Padi
1477 1291 1645 1366 ripas
1690 1305 1828 1350 cum
1869 1289 2167 1351 caedibus
2199 1297 2260 1351 et
2285 1292 2367 1350 in-

404 1375 645 1434 cendiis
686 1377 1135 1449 perpopulatos
1180 1389 1356 1444 esse;
1407 1374 1701 1435 Boiorum
1743 1388 1993 1448 quoque
2019 1381 2266 1449 gentem
2295 1375 2370 1434 ad

404 1458 801 1541 rebellionem
831 1465 1135 1533 spectare.
1202 1459 1284 1518 ob
1313 1474 1422 1518 eas
1450 1473 1552 1518 res
1579 1459 1898 1519 tumultum
1927 1472 2074 1518 esse
2103 1458 2373 1518 decrevit

405 1549 697 1611 senatus;
764 1541 1043 1602 tribunos
1096 1542 1300 1617 plebei
1353 1559 1477 1602 non
1529 1544 1775 1617 placere
1827 1556 2050 1602 causas
2102 1541 2368 1602 militaris

403 1637 804 1697 cognoscere,
839 1642 962 1698 quo
992 1625 1193 1685 minus
1226 1626 1308 1684 ad
1338 1626 1602 1686 edictum
1633 1625 2080 1686 conveniretur.
2131 1624 2369 1686 adiece-

402 1712 545 1768 runt
573 1709 770 1778 etiam,
802 1713 868 1765 ut
896 1710 1051 1768 socii
1080 1709 1343 1768 nominis
1366 1710 1579 1784 Latini,
1612 1709 1715 1783 qui
1743 1710 1804 1767 in
1833 1709 2107 1768 exercitu
2134 1706 2201 1766 P.
2227 1707 2364 1769 Cor-

402 1787 544 1848 nelii
584 1788 671 1847 Ti.
704 1786 1049 1862 Sempronii
1092 1791 1358 1851 fuissent
1394 1799 1454 1853 et
1495 1792 1734 1852 dimissi
1773 1792 1850 1852 ab
1893 1791 1968 1852 iis
2012 1793 2366 1853 consulibus

404 1881 643 1946 essent,
684 1878 749 1931 ut
778 1870 859 1930 ad
888 1886 1073 1945 quam
1100 1874 1267 1930 diem
1291 1874 1356 1935 L.
1390 1876 1705 1934 Cornelius
1737 1877 1954 1935 consul
1983 1875 2285 1938 edixisset
2315 1881 2368 1935 et

401 1955 463 2015 in
494 1970 676 2031 quem
704 1955 909 2016 locum
939 1954 1236 2015 edixisset
1262 1954 1569 2028 Etruriae,
1616 1955 2045 2026 convenirent;
2089 1965 2154 2018 et
2187 1961 2276 2019 uti
2303 1959 2366 2018 L.

406 2040 727 2101 Cornelius
779 2040 998 2102 consul
1038 2040 1100 2099 in
1144 2040 1524 2129 provinciam
1566 2041 1974 2115 proficiscens
2015 2041 2075 2100 in
2121 2043 2365 2117 oppidis

400 2125 723 2200 agrisque,
769 2140 893 2199 qua
932 2125 1125 2184 iturus
1164 2131 1362 2197 esset,
1406 2115 1461 2184 s'i
1491 2140 1653 2199 quos
1683 2124 1739 2183 ci
1767 2124 2110 2199 videretur,
2149 2127 2366 2187 milites

401 2208 699 2268 scriberet
724 2214 1111 2283 armaretque
1147 2214 1208 2267 et
1234 2208 1488 2269 duceret
1515 2222 1758 2278 secum3
1805 2207 2270 2285 dimittendique
2297 2211 2366 2283 ei,

404 2309 563 2369 quos
596 2308 810 2354 eorum
844 2293 1221 2368 quandoque
1247 2292 1448 2365 vellet,
1479 2292 1577 2352 ius
1607 2298 1792 2352 esset.

567 2376 750 2436 LVII.
797 2376 1130 2452 Postquam
1175 2377 1466 2437 consules
1505 2375 1730 2436 dilectu
1771 2374 1978 2436 habito
2021 2377 2281 2450 profecti
2307 2377 2365 2435 in

399 2460 755 2535 provincias
798 2468 968 2531 sunt,
1013 2466 1140 2520 tum
1178 2459 1243 2518 T.
1290 2460 1606 2533 Quinctius
1650 2460 2013 2535 postulavit,
2064 2466 2134 2521 ut
2173 2461 2254 2521 de
2293 2461 2362 2519 iis

402 2557 562 2618 quae
604 2559 744 2603 cum
786 2543 1002 2603 decem
1040 2544 1257 2617 legatis
1301 2544 1439 2619 ipsc
1469 2544 1794 2605 statuisset
1833 2550 2086 2605 senatus
2117 2544 2362 2615 audiret,

398 2640 629 2700 eaque,
674 2628 727 2685 si
768 2625 1106 2696 videretur,
1151 2628 1510 2688 auctoritate
1550 2643 1664 2688 sua
1700 2626 2108 2689 confirmaret.
2165 2627 2231 2687 id
2259 2644 2362 2687 eos

396 2707 639 2769 facilius
692 2711 994 2782 facturos,
1048 2710 1102 2771 si
1144 2711 1486 2785 legatorum
1525 2711 1747 2784 verba,
1798 2712 1903 2787 qui
1953 2727 2034 2771 ex
2081 2712 2365 2773 universa

402 2790 657 2850 Graecia
708 2800 767 2852 et
816 2808 1039 2867 magna
1086 2803 1260 2869 parte
1310 2796 1500 2855 Asiae
1558 2795 1788 2870 quique
1835 2794 1913 2854 ab
1965 2796 2220 2870 regibus
2265 2810 2363 2854 ve-

398 2875 668 2950 nissent,
712 2876 1051 2937 audissent.
1130 2893 1243 2938 eae
1284 2878 1622 2954 legationes
1654 2896 1692 2938 a
1721 2878 1783 2939 C.
1828 2877 2153 2940 Scribonio
2192 2894 2361 2954 prae-

397 2966 533 3019 tore
588 2958 823 3020 urbano
881 2961 943 3020 in
994 2970 1273 3023 senatum
1322 2962 1704 3023 introductae
1753 2970 1925 3033 sunt,
1984 2962 2363 3039 benigneque

398 3043 681 3105 omnibus
719 3059 1113 3119 responsum
1176 3061 1317 3107 cum
1346 3046 1652 3107 Antiocho
1697 3046 1842 3121 quia
1883 3046 2127 3146 longior
2170 3047 2360 3107 disce-

397 3127 587 3202 ptatio
644 3134 802 3203 erat,
862 3129 1076 3189 decem
1123 3130 1372 3205 legatis,
1435 3145 1696 3205 quorum
1747 3145 1894 3205 pars
1949 3138 2057 3191 aut
2104 3133 2168 3191 in
2219 3130 2363 3190 Asia

398 3218 502 3270 aut
540 3211 966 3288 Lysimachiae
1018 3214 1186 3290 apud
1233 3228 1443 3288 regem
1485 3216 1755 3285 fuerant,
1810 3214 2093 3290 delegata
2135 3222 2247 3276 cst.
2299 3214 2361 3273 T.

398 3289 675 3365 Quinctio
704 3297 1077 3371 mandatum,
1106 3304 1175 3359 ut
1201 3297 1484 3358 adhibitis
1516 3299 1590 3358 iis
1618 3300 1957 3373 legatorum
1985 3299 2154 3373 regis
2179 3298 2362 3359 verba

398 3376 665 3449 audiret,
705 3381 1239 3457 responderetque
1282 3380 1356 3439 iis
1401 3398 1560 3457 quae
1600 3396 1679 3441 ex
1709 3382 2000 3456 dignitate
2039 3388 2226 3456 atque
2253 3381 2361 3442 uti-

397 3456 561 3516 litate
610 3460 826 3533 populi
866 3461 1125 3523 Romani
1173 3466 1540 3540 responderi
1591 3473 1866 3541 possent.
1935 3465 2268 3542 Menippus
2307 3468 2365 3523 et
