2548 3950
331 241 417 306 84
647 240 877 303 LIBER
903 238 1167 299 xxxlu.
1213 239 1379 297 cAP.
1409 244 1457 294 1.
1482 245 1535 296 2.
1581 235 1821 311 [ωηο.
1848 237 1971 304 555]

433 398 669 458 mininus,
703 394 857 451 frater
888 391 1228 460 proconsulis,
1249 391 1543 442 Acarnanes
1564 388 1797 442 Leucade
1815 387 1957 448 urbe,
1996 395 2301 453 quac-caput

435 475 513 522 est
543 467 893 524 Acarnanum,
932 468 1223 542 expugnata
1257 458 1311 508 in
1349 457 1660 513 deditionem
1696 456 1905 521 accepit.
1972 470 2077 522 pax
2111 457 2303 522 petenti

435 535 687 600 Philippo,
710 532 950 583 Graeciae
984 530 1190 582 libertas
1219 527 1337 578 data
1368 534 1459 578 est.
1516 526 1719 576 Attalus
1742 541 1772 575 a
1791 520 1979 576 Thebis
1997 526 2061 576 ob
2080 525 2303 575 subitam

436 603 774 659 valetudinem
809 587 1110 674 Pergamum
1145 595 1419 652 translatus
1455 594 1693 645 decessit.
1749 592 1807 646 Ο.
1836 593 2165 658 Sempronius
2200 592 2304 644 Tu-

439 673 641 724 ditanus
675 686 706 721 a
740 668 1000 720 Celtiberis
1031 682 1147 717 cum
1183 665 1406 716 exercitu
1440 677 1623 714 caesus
1656 669 1748 712 est.
1787 663 1850 714 1..
1869 662 2049 713 Furius
2078 669 2130 712 et
2152 661 2303 714 Olau-

438 742 555 792 dius
595 739 865 791 Marcellus
910 736 1142 787 consules
1183 733 1340 785 Boios
1386 739 1439 784 et
1471 731 1707 783 Insubres
1751 731 1923 784 Gallos
1969 732 2301 796 subegerunt.

439 809 715 866 Marcellus·
737 804 1085 871 triumphavit.
1137 802 1389 858 Hannibal
1420 801 1620 856 frustm
1641 803 1704 854 in.
1729 800 1905 854 Arria
1935 799 2125 854 bellum
2154 800 2304 853 moli-

436 886 538 938 tus,
573 885 622 927 et
658 878 722 931 ob
753 877 852 928 hoc
885 875 1130 929 Romanis
1159 888 1253 943 per
1354 869 1531 925 istolas
1566 870 1813 925 adversae
1848 869 2083 922 factionis
2155 870 2304 923 rinei,-

438 960 564 1012 pum
601 946 826 1005 delatus,
862 950 1072 1009 propter
1105 950 1297 996 metum
1379 954 1691 1005 omanorum,
1724 939 1813 1002 qui
1843 938 2041 1008 legatos
2078 953 2109 988 a
2182 936 2305 988 Car-

436 1014 832 1080 thaginiensium
866 1019 1099 1063 senatum
1135 1012 1199 1062 de
1234 1026 1294 1060 eo
1332 1007 1591 1072 miserant,
1626 1006 1875 1073 profugus
1911 1007 2305 1058 ad·Antiochum

439 1098 613 1148 regem
650 1081 824 1150 Syriae
859 1096 917 1131 se
952 1080 1176 1140 contulit,
1214 1077 1404 1128 bellum
1441 1084 1613 1127 contra
1647 1075 1905 1127 Romanos
1939 1083 2220 1142 parantem.

503 1215 550 1272 I.
603 1213 772 1277 Haec
801 1226 913 1285 per
941 1211 1198 1273 hiemem
1228 1215 1423 1284 gesta.
1491 1208 1659 1271 initio
1688 1212 1891 1270 autem
1917 1206 2087 1269 veris
2115 1204 2298 1281 Quin-

339 1297 501 1364 ctius·
535 1297 740 1363 Attalo
782 1293 1039 1358 Elatiam
1083 1293 1294 1359 excito.
1315 1294 1689 1357 Boeotorum
1728 1297 2004 1366 gentem,
2051 1290 2305 1354 incertis

338 1382 421 1447 ad
447 1396 583 1447 eam
610 1379 773 1446 diem
801 1378 1019 1443 animis
1047 1377 1461 1452 fluctuantem,
1492 1375 1752 1440 dicionis
1782 1389 1937 1437 suae
1963 1375 2169 1436 facere
2197 1391 2305 1437 cu-

336 1465 544 1540 piens,
591 1463 906 1540 profectus
948 1477 1060 1536 per
1085 1460 1415 1525 Phocidem
1462 1459 1734 1537 quinque
1759 1457 1930 1521 milia
1952 1458 2031 1518 ab
2058 1459 2305 1534 ThebiS,

339 1548 517 1622 quod.
538 1552 722 1622 caput
749 1554 844 1607 est
870 1547 1193 1619 Boeotiae,
1237 1545 1447 1620 posuit
1475 1549 1693 1604 castra.
1750 1542 1895 1606 inde
1922 1551 2175 1619 postero
2206 1543 2310 1605 die

339 1646 477 1692 eum
503 1629 684 1695 unius
715 1630 874 1703 signi
902 1629 1188 1692 militibus
1219 1635 1287 1689 et
1306 1629 1516 1692 Attalo
1541 1625 2095 1703 legationibusque,
2144 1642 2308 1704 quae

340 1715 693 1788 frequentes
742 1713 1018 1787 undique
1068 1717 1514 1786 convenerant,
1564 1711 1766 1788 pergit·
1810 1711 1901 1771 ire
1941 1711 2022 1772 ad
2069 1709 2307 1784 urbem,

340 1798 527 1857 iussis
571 1795 828 1871 legionis
868 1794 1240 1859 hastatis.·--
1263 1811 1345 1859 ea
1370 1796 1492 1857 duo
1534 1795 1699 1857 milia
1736 1794 1989 1859 militum
2030 1801 2310 1857 erant-

340 1881 518 1956 sequi
560 1895 632 1940 se
669 1879 834 1944 mille
876 1895 1174 1955 passuum
1217 1880 1534 1942 intervallo
1568 1879 1867 1941 distantis.
1932 1878 2014 1941 ad
2038 1879 2310 1941 medium

341 1963 530 2026 ferme
578 1963 717 2026 viae
765 1963 1137 2030 Boeotorum
1190 1970 1442 2040 praetor
1487 1963 1835 2040 Antiphilus
1887 1962 2110 2025 obvius
2160 1962 2308 2033 fuit3

341 2054 544 2113 cetera
585 2048 905 2115 multitudo
947 2064 987 2107 e.
1023 2048 1214 2115 muris
1255 2048 1585 2114 adventum
1623 2047 2005 2125 imperatoris
2048 2048 2310 2125 Romani

342 2131 636 2206 regisque.
679 2133 1249 2207 prospeculabatur.
1318 2148 1461 2196 rara
1511 2147 1682 2195 arma
1728 2132 2035 2208 paucique
2083 2130 2309 2195 milites

340 2214 513 2282 circa.
553 2231 679 2281 eos.
721 2218 1136 2292 apparebant3
1201 2217 1480 2281 hastatos
1531 2223 1861 2292 sequentes
1910 2217 2131 2291 procul
2180 2231 2309 2278 am—

338 2300 572 2368 tractus
597 2299 835 2364 viarum
861 2300 1184 2376 vallesque
1210 2301 1562 2366 interiectae
1592 2300 1968 2364 occulebant.
2022 2315 2160 2361 cum
2187 2300 2310 2361 iam

338 2383 869 2459 appropinquaret
907 2385 1038 2448 urbi
1057 2432 1071 2459 ‚
1120 2386 1285 2450 velut
1325 2385 1570 2446 obviam
1613 2383 2027 2460 egredientem
2067 2383 2308 2445 tui-ban.

339 2468 659 2539 salutaret,
688 2467 922 2528 tardius
952 2467 1296 2534 incedebat.
1360 2483 1554 2531 causa
1578 2475 1707 2532 erat
1734 2482 1961 2542 morae,
1991 2472 2065 2526 ut
2084 2467 2311 2529 hastati

339 2557 887 2625 consequerentur.
933 2550 1256 2625 oppidani,
1280 2558 1420 2613 ante
1447 2552 1730 2615 lictorem
1749 2552 1929 2618 tuma
1956 2556 2118 2626 acta,
2143 2550 2310 2613 inse.-

340 2637 542 2696 cutum
588 2634 913 2699 contest-im
954 2649 1172 2709 agmen
1216 2641 1592 2699 armatorum
1631 2652 1756 2698 non
1797 2642 1972 2711 ante,
2014 2650 2199 2711 quam
2229 2636 2313 2696 ad

336 2714 672 2791 hospitium
698 2716 1083 2792 imperatoris
1114 2726 1364 2781 ventum
1392 2725 1503 2795 est,
1536 2734 1942 2795 conspexere.
1986 2726 2114 2779 tuni
2142 2721 2314 2781 velut

337 2800 582 2873 prodita
618 2800 761 2861 dolo
789 2802 1090 2877 Antiphili
1124 2804 1425 2878 praetoris
1455 2804 1611 2864 urbe
1638 2812 1943 2879 captaque
1973 2802 2310 2879 obstupue-

335 2888 477 2943 runt
504 2897 738 2943 omnes,
782 2891 844 2945 et
871 2887 1209 2962 apparebat
1236 2887 1384 2947 nihil
1410 2887 1641 2948 liberae
1670 2885 2135 2948 consultationis
2161 2901 2309 2947 con·

337 2964 507 3041 cilio,
555 2967 721 3043 quod
753 2968 814 3027 in
858 2967 1018 3032 diem
1061 2977 1377 3045 posterum
1405 2971 1696 3033 indictum
1726 2977 1855 3030 erat
1881 2970 2169 3045 Boeotis,
2210 2985 2309 3029 re·

335 3048 540 3110 lictum
570 3066 734 3112 esse.
776 3059 1060 3115 texerunt
1083 3054 1378 3128 dolorem,
1414 3069 1594 3129 quem
1618 3061 1678 3115 et
1697 3055 2078 3130 nequiquam
2098 3059 2161 3115 et
2180 3070 2306 3114 non

336 3132 472 3194 sine
499 3135 775 3208 periculo
809 3137 1244 3201 ostendissent.
1308 3137 1377 3202 Π.
1423 3137 1485 3197 in
1515 3138 1774 3200 concilio
1799 3139 2043 3201 Attalus
2072 3139 2310 3215 primus

338 3216 528 3310 verba
555 3220 714 3279 fecit.
772 3235 954 3281 orsus
985 3238 1023 3280 a
1048 3221 1346 3283 maiorum
1377 3238 1628 3286 suorum
1656 3222 1915 3298 suisque
1943 3229 2005 3283 et
2033 3238 2308 3284 commu-

333 3299 517 3362 nibus
558 3302 619 3360 in
658 3317 900 3365 omnem
928 3305 1243 3365 Graeciam
1271 3312 1334 3367 et
1360 3306 1632 3382 propri-is
1661 3306 1723 3366 in
1751 3307 2129 3367 Boeotorum
2155 3321 2308 3382 gen-

333 3388 455 3441 tem
477 3384 724 3456 meritis,
758 3385 969 3447 senior
990 3389 1110 3448 iam
1132 3394 1195 3449 et
1214 3388 1526 3464 infirmior,
1552 3406 1736 3467 quam
1759 3398 1826 3453 ut
1848 3389 2310 3454 contentionem

337 3462 580 3529 dicendi
621 3468 979 3543 sustineret,
1025 3472 1323 3535 obmutuit
1362 3480 1424 3534 et
1466 3474 1747 3536 concidit.
1816 3480 1876 3534 et
1910 3474 2054 3537 dum
2096 3489 2309 3551 regem
