2548 3950
597 216 832 279 LIBER
859 218 1100 280 XXXV.
1147 217 1315 283 cAP.
1337 228 1390 284 6.
1415 228 1469 286 ⁷.
1514 221 1675 299 [ac.
1699 224 1829 304 193]
2076 226 2195 291 181

223 379 392 434 teret
431 372 511 431 ad
537 370 604 431 L.
639 372 983 432 Cornelium
1027 373 1375 447 consulem,
1420 374 1523 450 qui
1551 374 1782 436 litteras
1815 377 2089 453 collegae
2119 380 2200 441 ad

224 462 514 518 senatum
542 455 769 517 missas
803 454 1109 517 deferrent
1137 457 1218 516 ad
1246 471 1403 531 eum,
1436 464 1497 517 et
1524 458 1867 520 nuntiarent
1896 468 2194 537 senatum,

221 542 284 601 ni
316 539 376 601 is
409 540 487 601 ad
516 540 905 614 magistratus
936 539 1367 615 subrogandos
1395 541 1654 604 Romam
1682 544 1943 619 veniret,
1987 547 2195 621 potius

220 640 416 701 quam
446 622 513 698 Q.
544 622 874 684 Minucium
903 640 942 683 a
969 624 1131 684 bello
1163 623 1401 699 integro
1432 630 1749 702 avocaret,
1782 628 2195 705 interregnum

217 708 362 769 iniri
393 722 742 783 passurum.
786 706 962 768 missi
988 706 1172 783 legati
1198 708 1621 771 renuntiarunt
1645 709 1713 770 L.
1742 709 2081 774 Cornelium
2114 715 2190 773 ad

217 791 620 867 magistratus
674 791 1108 867 subrogandos
1143 792 1402 853 Romam
1448 801 1788 856 venturum.
1857 796 1936 856 de
1976 798 2192 859 litteris

215 877 285 935 L.
313 875 596 951 Cornelii,
630 890 786 951 quas
810 874 1144 950 scripserat
1168 876 1509 937 secundum
1533 878 1833 953 proelium
1861 895 1998 942 cum
2019 881 2190 942 Boiis

217 960 469 1035 factum,
497 958 863 1036 disceptatio
899 959 963 1018 in
992 966 1210 1020 senatu
1238 960 1371 1035 suit,
1402 960 1549 1036 quia
1568 960 1853 1037 privatim
1875 963 2191 1039 plerisque

217 1043 612 1105 senatoribus
640 1045 878 1120 legatus
901 1042 982 1102 M.
1009 1043 1299 1105 Claudius
1322 1044 1653 1121 scripserat
1673 1046 1954 1107 fortunae
1974 1048 2191 1124 populi

213 1128 482 1189 Romani
523 1135 584 1188 et
620 1128 873 1188 militum
910 1127 1117 1189 virtuti
1156 1127 1413 1203 gratiam
1450 1127 1827 1206 habendam,
1873 1130 2043 1207 quod
2082 1148 2188 1193 res

211 1213 378 1273 bene
421 1217 600 1287 gesta
639 1218 824 1273 esset.
890 1212 1162 1273 consulis
1209 1227 1399 1288 opera
1437 1221 1495 1274 et
1524 1213 1778 1275 militum
1806 1214 2187 1291 aliquantum

214 1296 536 1371 amissum,
568 1301 628 1356 et
653 1295 921 1357 hostium
950 1296 1314 1369 exercitum,
1348 1297 1523 1359 cuius
1554 1298 1799 1359 delendi
1830 1299 2034 1360 oblata
2063 1301 2189 1361 for-

209 1387 362 1441 tuna
387 1379 589 1454 fuerit,
621 1381 920 1455 elapsum.
976 1380 1196 1440 milites
1228 1395 1305 1440 eo
1335 1382 1545 1455 plures
1575 1382 1835 1456 perisse,
1868 1383 2049 1459 quod,
2066 1391 2183 1443 tar-

216 1465 353 1525 dius
387 1480 471 1524 ex
499 1464 825 1538 subsidiiS,
859 1464 962 1539 qui
993 1463 1415 1526 laborantibus
1446 1480 1629 1539 opem
1656 1465 1919 1540 ferrent,
1934 1482 2184 1527 succes-

214 1549 480 1619 sissent3
523 1546 738 1609 hostes
768 1563 804 1607 e
829 1547 1109 1609 manibus
1139 1546 1424 1623 emiSSOS,
1456 1548 1627 1624 quod
1656 1549 1967 1624 equitibus
1995 1550 2185 1626 legio-

213 1632 408 1693 nariis
441 1640 502 1692 et
525 1631 764 1693 tardius
793 1632 1001 1692 datum
1023 1629 1266 1706 signum
1288 1638 1458 1692 esset
1480 1641 1541 1693 et
1562 1634 1855 1708 persequi
1878 1634 2183 1709 fugientes

210 1732 337 1777 non
368 1716 666 1777 licuisset.
722 1716 855 1775 VII.
902 1716 980 1776 de
1011 1730 1086 1775 ea
1110 1730 1182 1775 re
1207 1715 1355 1776 nihil
1383 1723 1611 1777 temere
1646 1716 1893 1778 decerni
1922 1719 2182 1794 placuit;

213 1801 296 1861 ad
321 1801 778 1875 frequentiores
803 1800 1168 1861 consultatio
1193 1798 1381 1861 dilata
1402 1807 1515 1862 est.
1560 1801 1827 1862 instabat
1851 1802 2013 1861 enim
2036 1819 2185 1863 cura

215 1884 362 1959 alia,
407 1883 579 1959 quod
621 1882 834 1945 civitas
876 1884 1090 1945 fenore
1130 1884 1479 1959 laborabat,
1522 1892 1585 1946 et
1612 1884 1783 1960 quod
1810 1900 1949 1947 cum
1978 1887 2181 1948 multis

213 1932 570 2031 fene’bribus
611 1967 852 2044 legibus
895 1968 1222 2029 constricta
1262 1932 1515 2030 avariti’a
1554 1974 1753 2045 esset,
1804 1970 1905 2030 via
1946 1970 2179 2031 fraudis

214 2052 360 2113 inita
399 2059 562 2126 erat,
606 2058 674 2112 ut
717 2051 779 2112 in
821 2053 1062 2126 socios,
1105 2053 1212 2127 qui
1252 2069 1378 2113 non
1420 2060 1771 2114 tenerentur
1812 2053 1887 2114 iis
1916 2054 2178 2134 legibus,

214 2138 467 2205 nomina
493 2136 1033 2198 transscriberent·
1075 2135 1158 2196 ita
1182 2135 1375 2196 libero
1408 2137 1623 2197 fenore
1651 2137 1993 2198 obruebant
2010 2127 2178 2197 debi-

213 2227 402 2282 tores.
455 2221 634 2282 cuius
663 2220 988 2281 coercendi
1017 2234 1156 2280 cum
1181 2219 1339 2279 ratio
1371 2227 1784 2295 quaereretur,
1815 2221 1975 2279 diem
2004 2218 2181 2280 finire

211 2305 446 2378 placuit
467 2304 738 2376 Feralia,
786 2320 942 2380 quae
985 2303 1264 2380 proxime
1306 2301 1599 2379 fuissent,
1641 2309 1709 2363 ut
1738 2303 1842 2379 qui
1872 2311 2017 2377 post
2044 2318 2181 2362 eam

216 2387 375 2448 diem
413 2389 569 2450 socii
599 2388 837 2449 civibus
865 2387 1161 2449 Romanis
1193 2387 1604 2448 credidissent
1632 2385 1957 2462 pecuniaS,
1988 2385 2177 2462 profi-

213 2477 516 2549 tex-entur,
560 2481 621 2534 et
656 2487 733 2536 ex
765 2488 841 2533 ea
869 2473 969 2532 die
1011 2471 1313 2548 pecuniae
1344 2471 1642 2547 creditae,
1686 2471 1909 2546 quibus
1941 2470 2181 2531 debitor

216 2556 402 2617 vellet
439 2557 710 2632 legibus,
748 2557 846 2616 ius
891 2555 1178 2617 creditori
1216 2555 1597 2617 redderetur.
1666 2555 1809 2615 inde
1848 2561 2179 2631 postquam

215 2641 708 2714 professionibus
740 2641 980 2701 detecta
1007 2646 1102 2700 est
1121 2639 1476 2716 magnitudo
1499 2640 1659 2702 aeris
1686 2639 1863 2700 alieni
1884 2656 2000 2715 per
2019 2640 2179 2700 hanc

217 2723 492 2786 fraudem
551 2726 872 2800 contracti,
929 2723 1010 2784 M.
1063 2723 1465 2800 Sempronius
1521 2725 1799 2786 tribunus
1852 2724 2047 2799 plebis
2098 2739 2178 2783 ex

221 2809 574 2875 auctoritate
615 2815 856 2884 patrum
893 2808 1138 2884 plebem
1175 2809 1447 2884 rogavit,
1488 2809 1831 2885 plebesque
1860 2809 2068 2879 scivit,
2112 2813 2179 2866 ut

221 2904 356 2954 cum
397 2893 588 2954 sociis
631 2909 706 2954 ac
746 2893 990 2954 nomine
1015 2891 1232 2955 Latino
1262 2891 1563 2968 pecuniae
1594 2893 1862 2954 creditae
1888 2893 1985 2951 ius
2016 2891 2177 2950 idem

221 2977 388 3047 quod
416 2993 555 3038 cum
586 2977 821 3038 civibus
851 2977 1144 3038 Romanis
1173 2983 1361 3038 esset.
1407 2977 1605 3037 haec·
1588 2994 1650 3035 in
1672 2976 1845 3038 Italia
1869 2975 2037 3035 domi
2065 2973 2173 3032 mi-

219 3055 505 3136 litiaeque
533 3067 688 3125 acta.
921 3101 924 3106 -

380 3144 450 3204 In
475 3143 776 3220 Hispania
814 3159 1206 3240 nequaquam
1243 3149 1476 3202 tantum
1518 3142 1662 3202 belli
1693 3141 1831 3213 fuit,
1881 3146 2173 3215 quantum

220 3236 473 3291 auxerat
501 3231 680 3290 fama.
725 3227 786 3290 C.
810 3229 1140 3290 Flaminius
1169 3227 1232 3286 in
1255 3225 1537 3288 citeriore
1555 3225 1857 3300 Hispania
1878 3224 2177 3299 oppidum

217 3306 508 3372 liuciam
491 3330 556 3373 m
587 3312 866 3375 Oretanis
897 3312 1075 3387 cepit,
1106 3309 1375 3372 deinde
1359 3327 1421 3370 in
1448 3309 1705 3370 hiberna
1733 3308 1953 3370 milites
1984 3307 2175 3368 dedu-

221 3392 336 3463 xit3
378 3402 440 3458 et
476 3413 590 3472 per
627 3397 889 3457 hiemem
931 3395 1167 3471 proelia
1205 3393 1439 3470 aliquot
1476 3393 1645 3453 nulla
1670 3391 1965 3454 memoria
1992 3390 2177 3466 digna

223 3475 522 3540 adversus
577 3483 882 3542 latronum
933 3479 1126 3556 magis
1194 3494 1379 3555 quam
1432 3479 1699 3539 hostium
1754 3477 2173 3549 excursioneS,
