<?xml version="1.0" encoding="UTF-8"?>
<!DOCTYPE html PUBLIC "-//W3C//DTD XHTML 1.0 Transitional//EN"
    "http://www.w3.org/TR/xhtml1/DTD/xhtml1-transitional.dtd">
<html xmlns="http://www.w3.org/1999/xhtml" xml:lang="en" lang="en">
 <head>
  <title>
</title>
<meta http-equiv="Content-Type" content="text/html;charset=utf-8" />
  <meta name='ocr-system' content='tesseract 3.04.00' />
  <meta name='ocr-capabilities' content='ocr_page ocr_carea ocr_par ocr_line ocrx_word'/>
</head>
<body>
  <div class='ocr_page' id='page_1' title='image "./aburbeconditali14livygoog_0385.png"; bbox 0 0 2548 3950; ppageno 0'>
   <div class='ocr_carea' id='block_1_1' title="bbox 323 242 2086 321">
    <p class='ocr_par' dir='ltr' id='par_1_1' title="bbox 323 242 2086 321">
     <span class='ocr_line' id='line_1_1' title="bbox 323 242 2086 321; baseline -0.004 -7"><span class='ocrx_word' id='word_1_1' title='bbox 323 250 449 313; x_wconf 77' lang='lat'><strong>358</strong></span> <span class='ocrx_word' id='word_1_2' title='bbox 596 249 827 312; x_wconf 70' lang='lat' dir='ltr'><strong>unns</strong></span> <span class='ocrx_word' id='word_1_3' title='bbox 853 246 1177 308; x_wconf 80' lang='lat' dir='ltr'><strong>xxxvm.</strong></span> <span class='ocrx_word' id='word_1_4' title='bbox 1226 243 1394 303; x_wconf 82' lang='lat' dir='ltr'><strong>CAP.</strong></span> <span class='ocrx_word' id='word_1_5' title='bbox 1423 250 1619 305; x_wconf 67' lang='lat'><strong>4243.</strong></span> <span class='ocrx_word' id='word_1_6' title='bbox 1666 243 1738 321; x_wconf 68' lang='lat' dir='ltr'><strong>[a.</strong></span> <span class='ocrx_word' id='word_1_7' title='bbox 1761 248 1834 300; x_wconf 84' lang='lat' dir='ltr'><strong>u.</strong></span> <span class='ocrx_word' id='word_1_8' title='bbox 1857 265 1906 303; x_wconf 61' lang='lat' dir='ltr'><strong>c.</strong></span> <span class='ocrx_word' id='word_1_9' title='bbox 1927 242 2086 320; x_wconf 52' lang='lat'><strong>⁵⁶⁵]</strong></span> 
     </span>
    </p>
   </div>
   <div class='ocr_carea' id='block_1_2' title="bbox 326 394 2299 3567">
    <p class='ocr_par' dir='ltr' id='par_1_2' title="bbox 326 394 2293 1556">
     <span class='ocr_line' id='line_1_2' title="bbox 329 394 2288 471; baseline -0.004 -8"><span class='ocrx_word' id='word_1_10' title='bbox 329 402 482 463; x_wconf 84' lang='lat' dir='ltr'><strong>citus</strong></span> <span class='ocrx_word' id='word_1_11' title='bbox 523 400 587 460; x_wconf 88' lang='lat' dir='ltr'><strong>in</strong></span> <span class='ocrx_word' id='word_1_12' title='bbox 614 398 711 460; x_wconf 83' lang='lat' dir='ltr'><strong>his</strong></span> <span class='ocrx_word' id='word_1_13' title='bbox 742 398 919 460; x_wconf 87' lang='lat' dir='ltr'><strong>terris</strong></span> <span class='ocrx_word' id='word_1_14' title='bbox 950 411 1094 459; x_wconf 89' lang='lat' dir='ltr'><strong>esse</strong></span> <span class='ocrx_word' id='word_1_15' title='bbox 1123 398 1392 471; x_wconf 89' lang='lat' dir='ltr'><strong>placeat,</strong></span> <span class='ocrx_word' id='word_1_16' title='bbox 1443 395 1732 455; x_wconf 89' lang='lat' dir='ltr'><strong>consules</strong></span> <span class='ocrx_word' id='word_1_17' title='bbox 1761 394 1836 453; x_wconf 89' lang='lat' dir='ltr'><strong>iis</strong></span> <span class='ocrx_word' id='word_1_18' title='bbox 1864 394 2072 471; x_wconf 89' lang='lat' dir='ltr'><strong>potius</strong></span> <span class='ocrx_word' id='word_1_19' title='bbox 2105 410 2288 471; x_wconf 82' lang='lat' dir='ltr'><strong>quam</strong></span> 
     </span>
     <span class='ocr_line' id='line_1_3' title="bbox 329 477 2286 561; baseline -0.002 -17"><span class='ocrx_word' id='word_1_20' title='bbox 329 485 602 561; x_wconf 87' lang='lat' dir='ltr'><strong>privatos</strong></span> <span class='ocrx_word' id='word_1_21' title='bbox 634 497 932 557; x_wconf 86' lang='lat' dir='ltr'><strong>praeesse</strong></span> <span class='ocrx_word' id='word_1_22' title='bbox 964 488 1269 556; x_wconf 75' lang='lat' dir='ltr'><strong>oportere.</strong></span> <span class='ocrx_word' id='word_1_23' title='bbox 1333 477 1546 553; x_wconf 83' lang='lat' dir='ltr'><strong>vagari</strong></span> <span class='ocrx_word' id='word_1_24' title='bbox 1574 492 1686 537; x_wconf 90' lang='lat' dir='ltr'><strong>eos</strong></span> <span class='ocrx_word' id='word_1_25' title='bbox 1717 492 1856 538; x_wconf 89' lang='lat' dir='ltr'><strong>cum</strong></span> <span class='ocrx_word' id='word_1_26' title='bbox 1883 477 2027 538; x_wconf 86' lang='lat' dir='ltr'><strong>belli</strong></span> <span class='ocrx_word' id='word_1_27' title='bbox 2052 485 2286 540; x_wconf 88' lang='lat' dir='ltr'><strong>terrore</strong></span> 
     </span>
     <span class='ocr_line' id='line_1_4' title="bbox 326 562 2286 644; baseline -0.003 -16"><span class='ocrx_word' id='word_1_28' title='bbox 326 583 441 644; x_wconf 89' lang='lat' dir='ltr'><strong>per</strong></span> <span class='ocrx_word' id='word_1_29' title='bbox 468 566 766 638; x_wconf 76' lang='lat' dir='ltr'><strong>nationeS,</strong></span> <span class='ocrx_word' id='word_1_30' title='bbox 800 566 1023 640; x_wconf 89' lang='lat' dir='ltr'><strong>quibus</strong></span> <span class='ocrx_word' id='word_1_31' title='bbox 1050 564 1280 623; x_wconf 88' lang='lat' dir='ltr'><strong>bellum</strong></span> <span class='ocrx_word' id='word_1_32' title='bbox 1306 562 1598 623; x_wconf 89' lang='lat' dir='ltr'><strong>indictum</strong></span> <span class='ocrx_word' id='word_1_33' title='bbox 1620 577 1746 622; x_wconf 90' lang='lat' dir='ltr'><strong>non</strong></span> <span class='ocrx_word' id='word_1_34' title='bbox 1779 562 1876 635; x_wconf 90' lang='lat' dir='ltr'><strong>sit,</strong></span> <span class='ocrx_word' id='word_1_35' title='bbox 1905 576 2126 637; x_wconf 85' lang='lat' dir='ltr'><strong>pacem</strong></span> <span class='ocrx_word' id='word_1_36' title='bbox 2150 577 2286 637; x_wconf 86' lang='lat' dir='ltr'><strong>pre-</strong></span> 
     </span>
     <span class='ocr_line' id='line_1_5' title="bbox 326 644 2286 722; baseline -0.003 -10"><span class='ocrx_word' id='word_1_37' title='bbox 326 651 411 712; x_wconf 81' lang='lat' dir='ltr'><strong>tio</strong></span> <span class='ocrx_word' id='word_1_38' title='bbox 459 648 849 711; x_wconf 82' lang='lat' dir='ltr'><strong>venditantis.</strong></span> <span class='ocrx_word' id='word_1_39' title='bbox 918 648 974 708; x_wconf 89' lang='lat' dir='ltr'><strong>si</strong></span> <span class='ocrx_word' id='word_1_40' title='bbox 1024 664 1133 709; x_wconf 90' lang='lat' dir='ltr'><strong>eas</strong></span> <span class='ocrx_word' id='word_1_41' title='bbox 1181 644 1532 722; x_wconf 87' lang='lat' dir='ltr'><strong>provincias</strong></span> <span class='ocrx_word' id='word_1_42' title='bbox 1581 645 1957 705; x_wconf 76' lang='lat' dir='ltr'><strong>exercitibus</strong></span> <span class='ocrx_word' id='word_1_43' title='bbox 2008 645 2286 707; x_wconf 86' lang='lat' dir='ltr'><strong>obtinere</strong></span> 
     </span>
     <span class='ocr_line' id='line_1_6' title="bbox 328 726 2288 811; baseline -0.002 -16"><span class='ocrx_word' id='word_1_44' title='bbox 328 751 488 811; x_wconf 90' lang='lat' dir='ltr'><strong>opus</strong></span> <span class='ocrx_word' id='word_1_45' title='bbox 520 740 715 807; x_wconf 89' lang='lat' dir='ltr'><strong>esset,</strong></span> <span class='ocrx_word' id='word_1_46' title='bbox 752 733 913 793; x_wconf 86' lang='lat' dir='ltr'><strong>sicut</strong></span> <span class='ocrx_word' id='word_1_47' title='bbox 936 731 1037 791; x_wconf 79' lang='grc' dir='ltr'><strong>Μ’.</strong></span> <span class='ocrx_word' id='word_1_48' title='bbox 1070 730 1266 791; x_wconf 83' lang='lat' dir='ltr'><strong>Acilio</strong></span> <span class='ocrx_word' id='word_1_49' title='bbox 1293 730 1361 789; x_wconf 94' lang='lat' dir='ltr'><strong>L.</strong></span> <span class='ocrx_word' id='word_1_50' title='bbox 1393 728 1603 805; x_wconf 83' lang='lat' dir='ltr'>Scipio</span> <span class='ocrx_word' id='word_1_51' title='bbox 1635 729 1884 802; x_wconf 85' lang='lat' dir='ltr'><strong>consul,</strong></span> <span class='ocrx_word' id='word_1_52' title='bbox 1913 729 1982 788; x_wconf 90' lang='lat' dir='ltr'><strong>L.</strong></span> <span class='ocrx_word' id='word_1_53' title='bbox 2013 726 2288 805; x_wconf 73' lang='lat' dir='ltr'><strong>Scipioni</strong></span> 
     </span>
     <span class='ocr_line' id='line_1_7' title="bbox 328 811 2286 887; baseline -0.003 -9"><span class='ocrx_word' id='word_1_54' title='bbox 328 819 409 878; x_wconf 90' lang='lat' dir='ltr'><strong>M.</strong></span> <span class='ocrx_word' id='word_1_55' title='bbox 432 818 685 878; x_wconf 89' lang='lat' dir='ltr'><strong>Fulvius</strong></span> <span class='ocrx_word' id='word_1_56' title='bbox 717 821 779 877; x_wconf 90' lang='lat' dir='ltr'><strong>et</strong></span> <span class='ocrx_word' id='word_1_57' title='bbox 799 815 905 875; x_wconf 90' lang='lat' dir='ltr'><strong>Cn.</strong></span> <span class='ocrx_word' id='word_1_58' title='bbox 928 814 1191 875; x_wconf 83' lang='lat' dir='ltr'><strong>Manlius</strong></span> <span class='ocrx_word' id='word_1_59' title='bbox 1221 813 1678 875; x_wconf 81' lang='lat' dir='ltr'><strong>successissent</strong></span> <span class='ocrx_word' id='word_1_60' title='bbox 1705 814 2015 887; x_wconf 86' lang='lat' dir='ltr'><strong>consules,</strong></span> <span class='ocrx_word' id='word_1_61' title='bbox 2043 811 2129 873; x_wconf 87' lang='lat' dir='ltr'><strong>ita</strong></span> <span class='ocrx_word' id='word_1_62' title='bbox 2146 812 2286 875; x_wconf 80' lang='lat' dir='ltr'><strong>Ful·</strong></span> 
     </span>
     <span class='ocr_line' id='line_1_8' title="bbox 326 893 2288 976; baseline -0.002 -15"><span class='ocrx_word' id='word_1_63' title='bbox 326 900 432 963; x_wconf 79' lang='lat' dir='ltr'><strong>vio</strong></span> <span class='ocrx_word' id='word_1_64' title='bbox 452 900 805 976; x_wconf 84' lang='lat' dir='ltr'><strong>Manlioque</strong></span> <span class='ocrx_word' id='word_1_65' title='bbox 828 898 891 958; x_wconf 90' lang='lat' dir='ltr'><strong>C.</strong></span> <span class='ocrx_word' id='word_1_66' title='bbox 914 898 1147 961; x_wconf 88' lang='lat' dir='ltr'><strong>Livium</strong></span> <span class='ocrx_word' id='word_1_67' title='bbox 1170 904 1232 957; x_wconf 92' lang='lat' dir='ltr'><strong>et</strong></span> <span class='ocrx_word' id='word_1_68' title='bbox 1246 896 1330 955; x_wconf 90' lang='lat' dir='ltr'><strong>M.</strong></span> <span class='ocrx_word' id='word_1_69' title='bbox 1345 893 1659 958; x_wconf 87' lang='lat' dir='ltr'><strong>Valerium</strong></span> <span class='ocrx_word' id='word_1_70' title='bbox 1678 896 1974 957; x_wconf 61' lang='lat' dir='ltr'><strong>&gt;consules</strong></span> <span class='ocrx_word' id='word_1_71' title='bbox 1997 896 2288 957; x_wconf 85' lang='lat' dir='ltr'><strong>debuisse</strong></span> 
     </span>
     <span class='ocr_line' id='line_1_9' title="bbox 328 979 2284 1057; baseline -0.003 -12"><span class='ocrx_word' id='word_1_72' title='bbox 328 985 685 1045; x_wconf 85' lang='lat' dir='ltr'><strong>succedere.</strong></span> <span class='ocrx_word' id='word_1_73' title='bbox 733 998 894 1043; x_wconf 91' lang='lat' dir='ltr'><strong>nunc</strong></span> <span class='ocrx_word' id='word_1_74' title='bbox 915 988 1098 1057; x_wconf 90' lang='lat' dir='ltr'><strong>certe,</strong></span> <span class='ocrx_word' id='word_1_75' title='bbox 1127 981 1402 1057; x_wconf 79' lang='lat' dir='ltr'><strong>perfecto</strong></span> <span class='ocrx_word' id='word_1_76' title='bbox 1424 980 1704 1041; x_wconf 89' lang='lat' dir='ltr'><strong>Aetolico</strong></span> <span class='ocrx_word' id='word_1_77' title='bbox 1727 979 1909 1053; x_wconf 89' lang='lat' dir='ltr'><strong>bello,</strong></span> <span class='ocrx_word' id='word_1_78' title='bbox 1938 986 2188 1055; x_wconf 86' lang='lat' dir='ltr'><strong>recepta</strong></span> <span class='ocrx_word' id='word_1_79' title='bbox 2210 980 2284 1039; x_wconf 91' lang='lat' dir='ltr'><strong>ab</strong></span> 
     </span>
     <span class='ocr_line' id='line_1_10' title="bbox 329 1062 2285 1137; baseline -0.002 -9"><span class='ocrx_word' id='word_1_80' title='bbox 329 1066 633 1128; x_wconf 81' lang='lat' dir='ltr'><strong>Antiocho</strong></span> <span class='ocrx_word' id='word_1_81' title='bbox 661 1067 843 1137; x_wconf 91' lang='lat' dir='ltr'><strong>Asia,</strong></span> <span class='ocrx_word' id='word_1_82' title='bbox 888 1066 1144 1126; x_wconf 85' lang='lat' dir='ltr'><strong>devictis</strong></span> <span class='ocrx_word' id='word_1_83' title='bbox 1176 1064 1362 1125; x_wconf 87' lang='lat' dir='ltr'><strong>Gallis</strong></span> <span class='ocrx_word' id='word_1_84' title='bbox 1378 1110 1393 1137; x_wconf 90' lang='lat'><strong>,</strong></span> <span class='ocrx_word' id='word_1_85' title='bbox 1426 1070 1529 1124; x_wconf 85' lang='lat' dir='ltr'><strong>aut</strong></span> <span class='ocrx_word' id='word_1_86' title='bbox 1556 1065 1844 1126; x_wconf 90' lang='lat' dir='ltr'><strong>consules</strong></span> <span class='ocrx_word' id='word_1_87' title='bbox 1875 1062 1955 1125; x_wconf 88' lang='lat' dir='ltr'><strong>ad</strong></span> <span class='ocrx_word' id='word_1_88' title='bbox 1983 1064 2285 1125; x_wconf 83' lang='lat' dir='ltr'><strong>exercitus</strong></span> 
     </span>
     <span class='ocr_line' id='line_1_11' title="bbox 331 1144 2286 1223; baseline -0.003 -10"><span class='ocrx_word' id='word_1_89' title='bbox 331 1151 693 1213; x_wconf 85' lang='lat' dir='ltr'><strong>consulares</strong></span> <span class='ocrx_word' id='word_1_90' title='bbox 717 1150 864 1210; x_wconf 85' lang='lat' dir='ltr'><strong>mitti</strong></span> <span class='ocrx_word' id='word_1_91' title='bbox 892 1154 999 1209; x_wconf 84' lang='lat' dir='ltr'><strong>aut</strong></span> <span class='ocrx_word' id='word_1_92' title='bbox 1021 1148 1324 1223; x_wconf 88' lang='lat' dir='ltr'><strong>reportari</strong></span> <span class='ocrx_word' id='word_1_93' title='bbox 1351 1148 1628 1222; x_wconf 79' lang='lat' dir='ltr'><strong>legiones</strong></span> <span class='ocrx_word' id='word_1_94' title='bbox 1659 1148 1802 1207; x_wconf 88' lang='lat' dir='ltr'><strong>inde</strong></span> <span class='ocrx_word' id='word_1_95' title='bbox 1829 1144 2130 1221; x_wconf 86' lang='lat' dir='ltr'><strong>reddique</strong></span> <span class='ocrx_word' id='word_1_96' title='bbox 2159 1154 2286 1207; x_wconf 82' lang='lat' dir='ltr'><strong>tan·</strong></span> 
     </span>
     <span class='ocr_line' id='line_1_12' title="bbox 330 1230 2288 1308; baseline -0.002 -12"><span class='ocrx_word' id='word_1_97' title='bbox 330 1235 470 1296; x_wconf 90' lang='lat' dir='ltr'><strong>dem</strong></span> <span class='ocrx_word' id='word_1_98' title='bbox 496 1234 586 1293; x_wconf 89' lang='lat' dir='ltr'><strong>rei</strong></span> <span class='ocrx_word' id='word_1_99' title='bbox 618 1233 900 1308; x_wconf 87' lang='lat' dir='ltr'><strong>publicae</strong></span> <span class='ocrx_word' id='word_1_100' title='bbox 928 1232 1175 1292; x_wconf 89' lang='lat' dir='ltr'><strong>debere.</strong></span> <span class='ocrx_word' id='word_1_101' title='bbox 1241 1237 1492 1293; x_wconf 85' lang='lat' dir='ltr'><strong>senatus</strong></span> <span class='ocrx_word' id='word_1_102' title='bbox 1520 1230 1618 1291; x_wconf 90' lang='lat' dir='ltr'><strong>his</strong></span> <span class='ocrx_word' id='word_1_103' title='bbox 1648 1230 1870 1291; x_wconf 89' lang='lat' dir='ltr'><strong>auditis</strong></span> <span class='ocrx_word' id='word_1_104' title='bbox 1897 1231 1960 1289; x_wconf 89' lang='lat' dir='ltr'><strong>in</strong></span> <span class='ocrx_word' id='word_1_105' title='bbox 1990 1230 2288 1292; x_wconf 84' lang='lat' dir='ltr'><strong>sententia</strong></span> 
     </span>
     <span class='ocr_line' id='line_1_13' title="bbox 329 1314 2290 1395; baseline -0.002 -18"><span class='ocrx_word' id='word_1_106' title='bbox 329 1318 778 1395; x_wconf 87' lang='lat' dir='ltr'><strong>perseveravit,</strong></span> <span class='ocrx_word' id='word_1_107' title='bbox 820 1323 887 1377; x_wconf 92' lang='lat' dir='ltr'><strong>ut</strong></span> <span class='ocrx_word' id='word_1_108' title='bbox 928 1315 1288 1378; x_wconf 88' lang='lat' dir='ltr'><strong>consulibus</strong></span> <span class='ocrx_word' id='word_1_109' title='bbox 1331 1314 1629 1375; x_wconf 85' lang='lat' dir='ltr'><strong>ambobus</strong></span> <span class='ocrx_word' id='word_1_110' title='bbox 1667 1314 1926 1388; x_wconf 80' lang='lat' dir='ltr'><strong>Ligures</strong></span> <span class='ocrx_word' id='word_1_111' title='bbox 1973 1314 2290 1390; x_wconf 86' lang='lat' dir='ltr'><strong>provincia</strong></span> 
     </span>
     <span class='ocr_line' id='line_1_14' title="bbox 330 1398 2293 1475; baseline -0.003 -13"><span class='ocrx_word' id='word_1_112' title='bbox 330 1409 529 1472; x_wconf 88' lang='lat' dir='ltr'><strong>esset;</strong></span> <span class='ocrx_word' id='word_1_113' title='bbox 584 1400 879 1462; x_wconf 88' lang='lat' dir='ltr'><strong>Manlium</strong></span> <span class='ocrx_word' id='word_1_114' title='bbox 916 1399 1321 1475; x_wconf 88' lang='lat' dir='ltr'><strong>Fulviumque</strong></span> <span class='ocrx_word' id='word_1_115' title='bbox 1370 1398 1673 1459; x_wconf 87' lang='lat' dir='ltr'><strong>decedere</strong></span> <span class='ocrx_word' id='word_1_116' title='bbox 1725 1398 1804 1458; x_wconf 90' lang='lat' dir='ltr'><strong>de</strong></span> <span class='ocrx_word' id='word_1_117' title='bbox 1853 1398 2192 1473; x_wconf 88' lang='lat' dir='ltr'><strong>provinciis</strong></span> <span class='ocrx_word' id='word_1_118' title='bbox 2233 1404 2293 1457; x_wconf 91' lang='lat' dir='ltr'><strong>et</strong></span> 
     </span>
     <span class='ocr_line' id='line_1_15' title="bbox 332 1481 2054 1556; baseline -0.003 -11"><span class='ocrx_word' id='word_1_119' title='bbox 332 1484 639 1545; x_wconf 87' lang='lat' dir='ltr'><strong>exercitus</strong></span> <span class='ocrx_word' id='word_1_120' title='bbox 670 1484 812 1546; x_wconf 89' lang='lat' dir='ltr'><strong>inde</strong></span> <span class='ocrx_word' id='word_1_121' title='bbox 845 1484 1153 1544; x_wconf 86' lang='lat' dir='ltr'><strong>deducere</strong></span> <span class='ocrx_word' id='word_1_122' title='bbox 1183 1498 1257 1543; x_wconf 83' lang='lat' dir='ltr'><strong>ac</strong></span> <span class='ocrx_word' id='word_1_123' title='bbox 1284 1482 1488 1542; x_wconf 89' lang='lat' dir='ltr'><strong>redire</strong></span> <span class='ocrx_word' id='word_1_124' title='bbox 1515 1483 1774 1543; x_wconf 80' lang='lat' dir='ltr'><strong>Romam</strong></span> <span class='ocrx_word' id='word_1_125' title='bbox 1805 1481 2054 1556; x_wconf 82' lang='lat' dir='ltr'><strong>placuit.</strong></span> 
     </span>
    </p>

    <p class='ocr_par' dir='ltr' id='par_1_3' title="bbox 332 1564 2299 3567">
     <span class='ocr_line' id='line_1_16' title="bbox 496 1564 2292 1628; baseline -0.001 -1"><span class='ocrx_word' id='word_1_126' title='bbox 496 1568 701 1627; x_wconf 86' lang='lat' dir='ltr'><strong>XLIII.</strong></span> <span class='ocrx_word' id='word_1_127' title='bbox 757 1567 1111 1628; x_wconf 81' lang='lat' dir='ltr'><strong>Inimicitiae</strong></span> <span class='ocrx_word' id='word_1_128' title='bbox 1150 1567 1304 1627; x_wconf 90' lang='lat' dir='ltr'><strong>inter</strong></span> <span class='ocrx_word' id='word_1_129' title='bbox 1341 1566 1424 1626; x_wconf 92' lang='grc' dir='ltr'><strong>Μ.</strong></span> <span class='ocrx_word' id='word_1_130' title='bbox 1454 1565 1734 1626; x_wconf 88' lang='lat' dir='ltr'><strong>Fulvium</strong></span> <span class='ocrx_word' id='word_1_131' title='bbox 1775 1573 1837 1626; x_wconf 86' lang='lat' dir='ltr'><strong>et</strong></span> <span class='ocrx_word' id='word_1_132' title='bbox 1860 1564 1940 1625; x_wconf 92' lang='grc' dir='ltr'><strong>Μ.</strong></span> <span class='ocrx_word' id='word_1_133' title='bbox 1969 1565 2292 1626; x_wconf 87' lang='lat' dir='ltr'><strong>Aemilium</strong></span> 
     </span>
     <span class='ocr_line' id='line_1_17' title="bbox 332 1649 2290 1728; baseline -0.001 -16"><span class='ocrx_word' id='word_1_134' title='bbox 332 1651 648 1712; x_wconf 88' lang='lat' dir='ltr'><strong>consulem</strong></span> <span class='ocrx_word' id='word_1_135' title='bbox 691 1656 892 1722; x_wconf 88' lang='lat' dir='ltr'><strong>erant,</strong></span> <span class='ocrx_word' id='word_1_136' title='bbox 938 1656 999 1710; x_wconf 89' lang='lat' dir='ltr'><strong>et</strong></span> <span class='ocrx_word' id='word_1_137' title='bbox 1028 1666 1220 1728; x_wconf 87' lang='lat' dir='ltr'><strong>super</strong></span> <span class='ocrx_word' id='word_1_138' title='bbox 1259 1656 1464 1713; x_wconf 90' lang='lat' dir='ltr'><strong>cetera</strong></span> <span class='ocrx_word' id='word_1_139' title='bbox 1492 1650 1787 1711; x_wconf 86' lang='lat' dir='ltr'><strong>Aemilius</strong></span> <span class='ocrx_word' id='word_1_140' title='bbox 1817 1650 2017 1711; x_wconf 88' lang='lat' dir='ltr'><strong>serius</strong></span> <span class='ocrx_word' id='word_1_141' title='bbox 2045 1649 2290 1711; x_wconf 86' lang='lat' dir='ltr'><strong>biennio</strong></span> 
     </span>
     <span class='ocr_line' id='line_1_18' title="bbox 332 1733 2292 1809; baseline -0.002 -13"><span class='ocrx_word' id='word_1_142' title='bbox 332 1750 404 1797; x_wconf 82' lang='lat' dir='ltr'><strong>se</strong></span> <span class='ocrx_word' id='word_1_143' title='bbox 446 1735 762 1794; x_wconf 89' lang='lat' dir='ltr'><strong>consulem</strong></span> <span class='ocrx_word' id='word_1_144' title='bbox 804 1736 1030 1794; x_wconf 88' lang='lat' dir='ltr'><strong>factum</strong></span> <span class='ocrx_word' id='word_1_145' title='bbox 1057 1733 1137 1793; x_wconf 88' lang='lat' dir='ltr'><strong>M.</strong></span> <span class='ocrx_word' id='word_1_146' title='bbox 1166 1733 1363 1794; x_wconf 85' lang='lat' dir='ltr'><strong>Fulvii</strong></span> <span class='ocrx_word' id='word_1_147' title='bbox 1405 1750 1594 1809; x_wconf 89' lang='lat' dir='ltr'><strong>opera</strong></span> <span class='ocrx_word' id='word_1_148' title='bbox 1627 1734 1908 1795; x_wconf 88' lang='lat' dir='ltr'><strong>ducebat.</strong></span> <span class='ocrx_word' id='word_1_149' title='bbox 1979 1734 2186 1808; x_wconf 83' lang='lat' dir='ltr'><strong>itaque</strong></span> <span class='ocrx_word' id='word_1_150' title='bbox 2213 1733 2292 1793; x_wconf 87' lang='lat' dir='ltr'><strong>ad</strong></span> 
     </span>
     <span class='ocr_line' id='line_1_19' title="bbox 332 1814 2292 1892; baseline -0.001 -14"><span class='ocrx_word' id='word_1_151' title='bbox 332 1818 622 1878; x_wconf 73' lang='lat' dir='ltr'><strong>invidiam</strong></span> <span class='ocrx_word' id='word_1_152' title='bbox 662 1814 1102 1877; x_wconf 78' lang='lat' dir='ltr'><strong>ei&#39;t&#39;aciendam</strong></span> <span class='ocrx_word' id='word_1_153' title='bbox 1141 1818 1379 1892; x_wconf 84' lang='lat' dir='ltr'><strong>legatos</strong></span> <span class='ocrx_word' id='word_1_154' title='bbox 1408 1816 1866 1878; x_wconf 81' lang='lat' dir='ltr'><strong>Ambraciensis</strong></span> <span class='ocrx_word' id='word_1_155' title='bbox 1906 1816 1970 1877; x_wconf 89' lang='lat' dir='ltr'><strong>in</strong></span> <span class='ocrx_word' id='word_1_156' title='bbox 2013 1823 2292 1878; x_wconf 87' lang='lat' dir='ltr'><strong>senatum</strong></span> 
     </span>
     <span class='ocr_line' id='line_1_20' title="bbox 334 1898 2294 1977; baseline -0.003 -13"><span class='ocrx_word' id='word_1_157' title='bbox 334 1902 704 1965; x_wconf 86' lang='lat' dir='ltr'><strong>subornatos</strong></span> <span class='ocrx_word' id='word_1_158' title='bbox 747 1900 1098 1961; x_wconf 89' lang='lat' dir='ltr'><strong>criminibus</strong></span> <span class='ocrx_word' id='word_1_159' title='bbox 1136 1900 1500 1974; x_wconf 78' lang='lat' dir='ltr'><strong>introduxit,</strong></span> <span class='ocrx_word' id='word_1_160' title='bbox 1546 1900 1650 1975; x_wconf 87' lang='lat' dir='ltr'><strong>qui</strong></span> <span class='ocrx_word' id='word_1_161' title='bbox 1692 1898 1840 1975; x_wconf 88' lang='lat' dir='ltr'><strong>sibi,</strong></span> <span class='ocrx_word' id='word_1_162' title='bbox 1881 1917 2021 1961; x_wconf 89' lang='lat' dir='ltr'><strong>cum</strong></span> <span class='ocrx_word' id='word_1_163' title='bbox 2048 1902 2109 1960; x_wconf 90' lang='lat' dir='ltr'><strong>in</strong></span> <span class='ocrx_word' id='word_1_164' title='bbox 2137 1915 2294 1977; x_wconf 84' lang='lat' dir='ltr'><strong>pace</strong></span> 
     </span>
     <span class='ocr_line' id='line_1_21' title="bbox 334 1983 2292 2062; baseline -0.002 -13"><span class='ocrx_word' id='word_1_165' title='bbox 334 1994 562 2061; x_wconf 85' lang='lat' dir='ltr'><strong>essent,</strong></span> <span class='ocrx_word' id='word_1_166' title='bbox 604 1988 1025 2062; x_wconf 84' lang='lat' dir='ltr'><strong>imperataque</strong></span> <span class='ocrx_word' id='word_1_167' title='bbox 1053 1983 1366 2062; x_wconf 87' lang='lat' dir='ltr'><strong>prioribus</strong></span> <span class='ocrx_word' id='word_1_168' title='bbox 1395 1985 1752 2050; x_wconf 86' lang='lat' dir='ltr'><strong>consulibus</strong></span> <span class='ocrx_word' id='word_1_169' title='bbox 1782 1983 2076 2047; x_wconf 79' lang='lat' dir='ltr'><strong>fecissent</strong></span> <span class='ocrx_word' id='word_1_170' title='bbox 2103 1993 2166 2046; x_wconf 93' lang='lat' dir='ltr'><strong>et</strong></span> <span class='ocrx_word' id='word_1_171' title='bbox 2194 2000 2292 2045; x_wconf 87' lang='lat' dir='ltr'><strong>ea-</strong></span> 
     </span>
     <span class='ocr_line' id='line_1_22' title="bbox 335 2067 2292 2146; baseline 0 -16"><span class='ocrx_word' id='word_1_172' title='bbox 335 2071 477 2131; x_wconf 88' lang='lat' dir='ltr'><strong>dem</strong></span> <span class='ocrx_word' id='word_1_173' title='bbox 507 2070 864 2131; x_wconf 87' lang='lat' dir='ltr'><strong>obedienter</strong></span> <span class='ocrx_word' id='word_1_174' title='bbox 893 2076 1208 2144; x_wconf 85' lang='lat' dir='ltr'><strong>praestare</strong></span> <span class='ocrx_word' id='word_1_175' title='bbox 1234 2067 1317 2129; x_wconf 93' lang='grc' dir='ltr'><strong>Μ.</strong></span> <span class='ocrx_word' id='word_1_176' title='bbox 1343 2069 1558 2131; x_wconf 87' lang='lat' dir='ltr'><strong>Fulvio</strong></span> <span class='ocrx_word' id='word_1_177' title='bbox 1587 2069 1784 2146; x_wconf 86' lang='lat' dir='ltr'><strong>parati</strong></span> <span class='ocrx_word' id='word_1_178' title='bbox 1814 2076 2042 2144; x_wconf 81' lang='lat' dir='ltr'><strong>essent,</strong></span> <span class='ocrx_word' id='word_1_179' title='bbox 2068 2069 2292 2130; x_wconf 84' lang='lat' dir='ltr'><strong>bellum</strong></span> 
     </span>
     <span class='ocr_line' id='line_1_23' title="bbox 334 2153 2294 2229; baseline 0.001 -17"><span class='ocrx_word' id='word_1_180' title='bbox 334 2153 563 2214; x_wconf 86' lang='lat' dir='ltr'><strong>illatum</strong></span> <span class='ocrx_word' id='word_1_181' title='bbox 594 2153 815 2228; x_wconf 88' lang='lat' dir='ltr'><strong>questi,</strong></span> <span class='ocrx_word' id='word_1_182' title='bbox 846 2167 1031 2228; x_wconf 80' lang='lat' dir='ltr'><strong>agros</strong></span> <span class='ocrx_word' id='word_1_183' title='bbox 1063 2153 1324 2229; x_wconf 85' lang='lat' dir='ltr'><strong>primum</strong></span> <span class='ocrx_word' id='word_1_184' title='bbox 1355 2154 1788 2229; x_wconf 80' lang='lat' dir='ltr'><strong>depopulatoS,</strong></span> <span class='ocrx_word' id='word_1_185' title='bbox 1816 2161 2112 2214; x_wconf 84' lang='lat' dir='ltr'><strong>terrorem</strong></span> <span class='ocrx_word' id='word_1_186' title='bbox 2134 2153 2294 2214; x_wconf 86' lang='lat' dir='ltr'><strong>dire·</strong></span> 
     </span>
     <span class='ocr_line' id='line_1_24' title="bbox 334 2235 2292 2312; baseline 0.001 -16"><span class='ocrx_word' id='word_1_187' title='bbox 334 2237 561 2312; x_wconf 86' lang='lat' dir='ltr'><strong>ptionis</strong></span> <span class='ocrx_word' id='word_1_188' title='bbox 604 2245 667 2300; x_wconf 89' lang='lat' dir='ltr'><strong>et</strong></span> <span class='ocrx_word' id='word_1_189' title='bbox 694 2236 903 2297; x_wconf 88' lang='lat' dir='ltr'><strong>caedis</strong></span> <span class='ocrx_word' id='word_1_190' title='bbox 942 2236 1079 2298; x_wconf 89' lang='lat' dir='ltr'><strong>urbi</strong></span> <span class='ocrx_word' id='word_1_191' title='bbox 1120 2236 1436 2312; x_wconf 87' lang='lat' dir='ltr'><strong>iniectum,</strong></span> <span class='ocrx_word' id='word_1_192' title='bbox 1478 2243 1546 2297; x_wconf 90' lang='lat' dir='ltr'><strong>ut</strong></span> <span class='ocrx_word' id='word_1_193' title='bbox 1572 2253 1648 2298; x_wconf 91' lang='lat' dir='ltr'><strong>eo</strong></span> <span class='ocrx_word' id='word_1_194' title='bbox 1677 2242 1844 2297; x_wconf 91' lang='lat' dir='ltr'><strong>metu</strong></span> <span class='ocrx_word' id='word_1_195' title='bbox 1872 2235 2161 2297; x_wconf 84' lang='lat' dir='ltr'><strong>claudere</strong></span> <span class='ocrx_word' id='word_1_196' title='bbox 2191 2253 2292 2298; x_wconf 82' lang='lat' dir='ltr'><strong>co·</strong></span> 
     </span>
     <span class='ocr_line' id='line_1_25' title="bbox 334 2320 2299 2397; baseline 0 -17"><span class='ocrx_word' id='word_1_197' title='bbox 334 2328 621 2396; x_wconf 80' lang='lat' dir='ltr'><strong>gerentur</strong></span> <span class='ocrx_word' id='word_1_198' title='bbox 659 2328 891 2397; x_wconf 87' lang='lat' dir='ltr'><strong>portas.</strong></span> <span class='ocrx_word' id='word_1_199' title='bbox 954 2320 1253 2382; x_wconf 90' lang='lat' dir='ltr'><strong>obsessos</strong></span> <span class='ocrx_word' id='word_1_200' title='bbox 1299 2320 1523 2381; x_wconf 88' lang='lat' dir='ltr'><strong>deinde</strong></span> <span class='ocrx_word' id='word_1_201' title='bbox 1565 2328 1625 2381; x_wconf 91' lang='lat' dir='ltr'><strong>et</strong></span> <span class='ocrx_word' id='word_1_202' title='bbox 1665 2327 2056 2397; x_wconf 78' lang='lat' dir='ltr'><strong>oppugnatos</strong></span> <span class='ocrx_word' id='word_1_203' title='bbox 2095 2335 2197 2394; x_wconf 90' lang='lat' dir='ltr'><strong>se,</strong></span> <span class='ocrx_word' id='word_1_204' title='bbox 2239 2328 2299 2381; x_wconf 91' lang='lat' dir='ltr'><strong>et</strong></span> 
     </span>
     <span class='ocr_line' id='line_1_26' title="bbox 337 2399 2294 2479; baseline 0 -15"><span class='ocrx_word' id='word_1_205' title='bbox 337 2405 542 2464; x_wconf 87' lang='lat' dir='ltr'><strong>omnia</strong></span> <span class='ocrx_word' id='word_1_206' title='bbox 583 2406 868 2479; x_wconf 88' lang='lat' dir='ltr'><strong>exempla</strong></span> <span class='ocrx_word' id='word_1_207' title='bbox 894 2404 1036 2465; x_wconf 87' lang='lat' dir='ltr'><strong>belli</strong></span> <span class='ocrx_word' id='word_1_208' title='bbox 1066 2403 1228 2466; x_wconf 87' lang='lat' dir='ltr'><strong>edita</strong></span> <span class='ocrx_word' id='word_1_209' title='bbox 1256 2405 1320 2464; x_wconf 87' lang='lat' dir='ltr'><strong>in</strong></span> <span class='ocrx_word' id='word_1_210' title='bbox 1351 2421 1423 2466; x_wconf 92' lang='lat' dir='ltr'><strong>se</strong></span> <span class='ocrx_word' id='word_1_211' title='bbox 1453 2404 1747 2466; x_wconf 85' lang='lat' dir='ltr'><strong>caedibus</strong></span> <span class='ocrx_word' id='word_1_212' title='bbox 1775 2399 2076 2465; x_wconf 85' lang='lat' dir='ltr'><strong>incendiis</strong></span> <span class='ocrx_word' id='word_1_213' title='bbox 2102 2403 2294 2464; x_wconf 91' lang='lat' dir='ltr'><strong>ruinis</strong></span> 
     </span>
     <span class='ocr_line' id='line_1_27' title="bbox 335 2487 2292 2564; baseline 0.001 -17"><span class='ocrx_word' id='word_1_214' title='bbox 335 2488 676 2564; x_wconf 84' lang='lat' dir='ltr'><strong>direptione</strong></span> <span class='ocrx_word' id='word_1_215' title='bbox 696 2488 897 2558; x_wconf 83' lang='lat' dir='ltr'><strong>urbis;</strong></span> <span class='ocrx_word' id='word_1_216' title='bbox 944 2487 1236 2563; x_wconf 75' lang='lat' dir='ltr'><strong>coniuges</strong></span> <span class='ocrx_word' id='word_1_217' title='bbox 1258 2488 1486 2561; x_wconf 79' lang='lat' dir='ltr'><strong>liberos</strong></span> <span class='ocrx_word' id='word_1_218' title='bbox 1508 2488 1570 2548; x_wconf 90' lang='lat' dir='ltr'><strong>in</strong></span> <span class='ocrx_word' id='word_1_219' title='bbox 1595 2488 1909 2550; x_wconf 88' lang='lat' dir='ltr'><strong>servitium</strong></span> <span class='ocrx_word' id='word_1_220' title='bbox 1930 2489 2292 2561; x_wconf 78' lang='lat' dir='ltr'><strong>abstractoS,</strong></span> 
     </span>
     <span class='ocr_line' id='line_1_28' title="bbox 334 2569 2297 2648; baseline 0.002 -20"><span class='ocrx_word' id='word_1_221' title='bbox 334 2569 498 2632; x_wconf 88' lang='lat' dir='ltr'><strong>bona</strong></span> <span class='ocrx_word' id='word_1_222' title='bbox 525 2571 829 2646; x_wconf 83' lang='lat' dir='ltr'><strong>adempta,</strong></span> <span class='ocrx_word' id='word_1_223' title='bbox 860 2579 920 2632; x_wconf 92' lang='lat' dir='ltr'><strong>et</strong></span> <span class='ocrx_word' id='word_1_224' title='bbox 948 2571 1116 2648; x_wconf 77' lang='lat' dir='ltr'><strong>quod</strong></span> <span class='ocrx_word' id='word_1_225' title='bbox 1144 2587 1218 2633; x_wconf 86' lang='lat' dir='ltr'><strong>se</strong></span> <span class='ocrx_word' id='word_1_226' title='bbox 1245 2578 1385 2632; x_wconf 88' lang='lat' dir='ltr'><strong>ante</strong></span> <span class='ocrx_word' id='word_1_227' title='bbox 1407 2571 1612 2633; x_wconf 87' lang='lat' dir='ltr'><strong>omnia</strong></span> <span class='ocrx_word' id='word_1_228' title='bbox 1632 2579 1892 2646; x_wconf 87' lang='lat' dir='ltr'><strong>moveat,</strong></span> <span class='ocrx_word' id='word_1_229' title='bbox 1922 2572 2148 2648; x_wconf 87' lang='lat' dir='ltr'><strong>templa</strong></span> <span class='ocrx_word' id='word_1_230' title='bbox 2171 2577 2297 2632; x_wconf 81' lang='lat' dir='ltr'><strong>tota</strong></span> 
     </span>
     <span class='ocr_line' id='line_1_29' title="bbox 333 2654 2293 2730; baseline 0.002 -18"><span class='ocrx_word' id='word_1_231' title='bbox 333 2654 487 2714; x_wconf 89' lang='lat' dir='ltr'><strong>urbe</strong></span> <span class='ocrx_word' id='word_1_232' title='bbox 528 2655 791 2729; x_wconf 85' lang='lat' dir='ltr'><strong>spoliata</strong></span> <span class='ocrx_word' id='word_1_233' title='bbox 830 2655 1221 2716; x_wconf 85' lang='lat' dir='ltr'><strong>ornamentis.</strong></span> <span class='ocrx_word' id='word_1_234' title='bbox 1296 2657 1620 2716; x_wconf 85' lang='lat' dir='ltr'><strong>simulacra</strong></span> <span class='ocrx_word' id='word_1_235' title='bbox 1660 2656 1874 2730; x_wconf 88' lang='lat' dir='ltr'><strong>deum,</strong></span> <span class='ocrx_word' id='word_1_236' title='bbox 1919 2655 2073 2716; x_wconf 90' lang='lat' dir='ltr'><strong>deos</strong></span> <span class='ocrx_word' id='word_1_237' title='bbox 2113 2656 2293 2716; x_wconf 88' lang='lat' dir='ltr'><strong>immo</strong></span> 
     </span>
     <span class='ocr_line' id='line_1_30' title="bbox 334 2737 2292 2815; baseline 0.001 -19"><span class='ocrx_word' id='word_1_238' title='bbox 334 2738 541 2812; x_wconf 86' lang='lat' dir='ltr'><strong>ipsos,</strong></span> <span class='ocrx_word' id='word_1_239' title='bbox 584 2739 919 2796; x_wconf 89' lang='lat' dir='ltr'><strong>convulsos</strong></span> <span class='ocrx_word' id='word_1_240' title='bbox 961 2754 1041 2799; x_wconf 88' lang='lat' dir='ltr'><strong>ex</strong></span> <span class='ocrx_word' id='word_1_241' title='bbox 1080 2737 1334 2800; x_wconf 87' lang='lat' dir='ltr'><strong>sedibus</strong></span> <span class='ocrx_word' id='word_1_242' title='bbox 1377 2737 1509 2800; x_wconf 89' lang='lat' dir='ltr'><strong>suis</strong></span> <span class='ocrx_word' id='word_1_243' title='bbox 1539 2739 1778 2800; x_wconf 85' lang='lat' dir='ltr'><strong>ablatos</strong></span> <span class='ocrx_word' id='word_1_244' title='bbox 1807 2755 1982 2811; x_wconf 79' lang='lat' dir='ltr'><strong>esse3</strong></span> <span class='ocrx_word' id='word_1_245' title='bbox 2027 2738 2292 2815; x_wconf 82' lang='lat' dir='ltr'><strong>parietes</strong></span> 
     </span>
     <span class='ocr_line' id='line_1_31' title="bbox 335 2821 2296 2899; baseline 0.002 -21"><span class='ocrx_word' id='word_1_246' title='bbox 335 2827 676 2894; x_wconf 89' lang='lat' dir='ltr'><strong>postesque</strong></span> <span class='ocrx_word' id='word_1_247' title='bbox 718 2821 1013 2890; x_wconf 87' lang='lat' dir='ltr'><strong>nudatos,</strong></span> <span class='ocrx_word' id='word_1_248' title='bbox 1061 2838 1219 2897; x_wconf 82' lang='lat' dir='ltr'><strong>quos</strong></span> <span class='ocrx_word' id='word_1_249' title='bbox 1248 2821 1533 2895; x_wconf 87' lang='lat' dir='ltr'><strong>adorent,</strong></span> <span class='ocrx_word' id='word_1_250' title='bbox 1576 2824 1657 2883; x_wconf 86' lang='lat' dir='ltr'><strong>ad</strong></span> <span class='ocrx_word' id='word_1_251' title='bbox 1690 2839 1851 2899; x_wconf 92' lang='lat' dir='ltr'><strong>quos</strong></span> <span class='ocrx_word' id='word_1_252' title='bbox 1880 2829 2212 2899; x_wconf 85' lang='lat' dir='ltr'><strong>precentur</strong></span> <span class='ocrx_word' id='word_1_253' title='bbox 2239 2829 2296 2882; x_wconf 91' lang='lat' dir='ltr'><strong>et</strong></span> 
     </span>
     <span class='ocr_line' id='line_1_32' title="bbox 334 2902 2292 2983; baseline 0.002 -20"><span class='ocrx_word' id='word_1_254' title='bbox 334 2903 712 2978; x_wconf 87' lang='lat' dir='ltr'><strong>supplicent,</strong></span> <span class='ocrx_word' id='word_1_255' title='bbox 766 2902 1314 2966; x_wconf 87' lang='lat' dir='ltr'><strong>Ambraciensibus</strong></span> <span class='ocrx_word' id='word_1_256' title='bbox 1355 2920 1710 2980; x_wconf 88' lang='lat' dir='ltr'><strong>superesse.</strong></span> <span class='ocrx_word' id='word_1_257' title='bbox 1749 2921 1754 2925; x_wconf 85' lang='grc'>·</span> <span class='ocrx_word' id='word_1_258' title='bbox 1783 2907 1941 2968; x_wconf 87' lang='lat' dir='ltr'><strong>haec</strong></span> <span class='ocrx_word' id='word_1_259' title='bbox 1983 2906 2292 2983; x_wconf 88' lang='lat' dir='ltr'><strong>querentis</strong></span> 
     </span>
     <span class='ocr_line' id='line_1_33' title="bbox 332 2986 2293 3066; baseline 0.001 -20"><span class='ocrx_word' id='word_1_260' title='bbox 332 2986 768 3061; x_wconf 84' lang='lat' dir='ltr'><strong>interrogando</strong></span> <span class='ocrx_word' id='word_1_261' title='bbox 821 2987 1147 3051; x_wconf 89' lang='lat' dir='ltr'><strong>criminose</strong></span> <span class='ocrx_word' id='word_1_262' title='bbox 1196 3005 1276 3049; x_wconf 88' lang='lat' dir='ltr'><strong>ex</strong></span> <span class='ocrx_word' id='word_1_263' title='bbox 1324 2990 1666 3066; x_wconf 88' lang='lat' dir='ltr'><strong>composito</strong></span> <span class='ocrx_word' id='word_1_264' title='bbox 1719 2992 1935 3051; x_wconf 89' lang='lat' dir='ltr'><strong>consul</strong></span> <span class='ocrx_word' id='word_1_265' title='bbox 1982 2991 2064 3051; x_wconf 89' lang='lat' dir='ltr'><strong>ad</strong></span> <span class='ocrx_word' id='word_1_266' title='bbox 2101 2993 2293 3066; x_wconf 87' lang='lat' dir='ltr'><strong>plura,</strong></span> 
     </span>
     <span class='ocr_line' id='line_1_34' title="bbox 334 3072 2294 3150; baseline 0.002 -21"><span class='ocrx_word' id='word_1_267' title='bbox 334 3072 502 3132; x_wconf 89' lang='lat' dir='ltr'><strong>velut</strong></span> <span class='ocrx_word' id='word_1_268' title='bbox 541 3087 667 3132; x_wconf 90' lang='lat' dir='ltr'><strong>non</strong></span> <span class='ocrx_word' id='word_1_269' title='bbox 698 3089 813 3132; x_wconf 85' lang='lat' dir='ltr'><strong>sua</strong></span> <span class='ocrx_word' id='word_1_270' title='bbox 847 3078 1067 3146; x_wconf 87' lang='lat' dir='ltr'><strong>sponte</strong></span> <span class='ocrx_word' id='word_1_271' title='bbox 1098 3072 1389 3149; x_wconf 84' lang='lat' dir='ltr'><strong>dicenda,</strong></span> <span class='ocrx_word' id='word_1_272' title='bbox 1433 3073 1730 3138; x_wconf 85' lang='lat' dir='ltr'><strong>eliciebat.</strong></span> <span class='ocrx_word' id='word_1_273' title='bbox 1805 3075 1986 3136; x_wconf 86' lang='lat' dir='ltr'><strong>motis</strong></span> <span class='ocrx_word' id='word_1_274' title='bbox 2016 3074 2294 3150; x_wconf 86' lang='lat' dir='ltr'><strong>patribus</strong></span> 
     </span>
     <span class='ocr_line' id='line_1_35' title="bbox 334 3154 2296 3234; baseline 0.002 -22"><span class='ocrx_word' id='word_1_275' title='bbox 334 3154 487 3214; x_wconf 89' lang='lat' dir='ltr'><strong>alter</strong></span> <span class='ocrx_word' id='word_1_276' title='bbox 529 3157 743 3216; x_wconf 89' lang='lat' dir='ltr'><strong>consul</strong></span> <span class='ocrx_word' id='word_1_277' title='bbox 791 3154 854 3215; x_wconf 87' lang='lat' dir='ltr'><strong>C.</strong></span> <span class='ocrx_word' id='word_1_278' title='bbox 880 3154 1211 3218; x_wconf 86' lang='lat' dir='ltr'><strong>Flaminius</strong></span> <span class='ocrx_word' id='word_1_279' title='bbox 1240 3157 1324 3217; x_wconf 93' lang='grc' dir='ltr'><strong>Μ.</strong></span> <span class='ocrx_word' id='word_1_280' title='bbox 1353 3157 1551 3218; x_wconf 83' lang='lat' dir='ltr'><strong>Fulvii</strong></span> <span class='ocrx_word' id='word_1_281' title='bbox 1592 3174 1844 3220; x_wconf 85' lang='lat' dir='ltr'><strong>causam</strong></span> <span class='ocrx_word' id='word_1_282' title='bbox 1872 3157 2148 3234; x_wconf 85' lang='lat' dir='ltr'><strong>excepit,</strong></span> <span class='ocrx_word' id='word_1_283' title='bbox 2193 3169 2296 3232; x_wconf 70' lang='lat' dir='ltr'><strong>qu.</strong></span> 
     </span>
     <span class='ocr_line' id='line_1_36' title="bbox 333 3237 2294 3316; baseline 0.002 -21"><span class='ocrx_word' id='word_1_284' title='bbox 333 3243 603 3296; x_wconf 86' lang='lat' dir='ltr'><strong>veterem</strong></span> <span class='ocrx_word' id='word_1_285' title='bbox 634 3237 795 3299; x_wconf 85' lang='lat' dir='ltr'><strong>viam</strong></span> <span class='ocrx_word' id='word_1_286' title='bbox 823 3245 885 3298; x_wconf 92' lang='lat' dir='ltr'><strong>et</strong></span> <span class='ocrx_word' id='word_1_287' title='bbox 913 3240 1253 3302; x_wconf 84' lang='lat' dir='ltr'><strong>obsoletam</strong></span> <span class='ocrx_word' id='word_1_288' title='bbox 1280 3240 1601 3316; x_wconf 79' lang='lat' dir='ltr'><strong>ingressos</strong></span> <span class='ocrx_word' id='word_1_289' title='bbox 1623 3242 2101 3303; x_wconf 89' lang='lat' dir='ltr'><strong>Ambracienses</strong></span> <span class='ocrx_word' id='word_1_290' title='bbox 2127 3241 2294 3301; x_wconf 84' lang='lat' dir='ltr'><strong>dixit.</strong></span> 
     </span>
     <span class='ocr_line' id='line_1_37' title="bbox 336 3319 2267 3401; baseline 0.004 -25"><span class='ocrx_word' id='word_1_291' title='bbox 336 3319 427 3378; x_wconf 89' lang='lat' dir='ltr'><strong>sic</strong></span> <span class='ocrx_word' id='word_1_292' title='bbox 458 3319 541 3379; x_wconf 96' lang='grc' dir='ltr'><strong>Μ.</strong></span> <span class='ocrx_word' id='word_1_293' title='bbox 571 3320 924 3383; x_wconf 88' lang='lat' dir='ltr'><strong>Marcellum</strong></span> <span class='ocrx_word' id='word_1_294' title='bbox 955 3324 1031 3384; x_wconf 84' lang='lat' dir='ltr'><strong>ab</strong></span> <span class='ocrx_word' id='word_1_295' title='bbox 1063 3321 1494 3401; x_wconf 81' lang='lat' dir='ltr'><strong>SyracusaniS,</strong></span> <span class='ocrx_word' id='word_1_296' title='bbox 1525 3325 1617 3385; x_wconf 89' lang='lat' dir='ltr'><strong>sic</strong></span> <span class='ocrx_word' id='word_1_297' title='bbox 1648 3325 1716 3398; x_wconf 82' lang='lat' dir='ltr'><strong>Q.</strong></span> <span class='ocrx_word' id='word_1_298' title='bbox 1748 3324 2030 3386; x_wconf 85' lang='lat' dir='ltr'><strong>Fulvium</strong></span> <span class='ocrx_word' id='word_1_299' title='bbox 2057 3341 2095 3384; x_wconf 90' lang='lat' dir='ltr'><strong>a</strong></span> <span class='ocrx_word' id='word_1_300' title='bbox 2125 3325 2267 3385; x_wconf 87' lang='lat' dir='ltr'><strong>Cam</strong></span> 
     </span>
     <span class='ocr_line' id='line_1_38' title="bbox 335 3401 2293 3482; baseline 0.004 -24"><span class='ocrx_word' id='word_1_301' title='bbox 335 3401 515 3472; x_wconf 86' lang='lat' dir='ltr'><strong>panis</strong></span> <span class='ocrx_word' id='word_1_302' title='bbox 556 3413 901 3464; x_wconf 89' lang='lat' dir='ltr'><strong>accusatos.</strong></span> <span class='ocrx_word' id='word_1_303' title='bbox 969 3406 1113 3479; x_wconf 90' lang='lat' dir='ltr'><strong>quin</strong></span> <span class='ocrx_word' id='word_1_304' title='bbox 1156 3408 1373 3467; x_wconf 89' lang='lat' dir='ltr'><strong>eadem</strong></span> <span class='ocrx_word' id='word_1_305' title='bbox 1408 3423 1602 3482; x_wconf 91' lang='lat' dir='ltr'><strong>opera</strong></span> <span class='ocrx_word' id='word_1_306' title='bbox 1623 3409 1692 3468; x_wconf 89' lang='grc' dir='ltr'><strong>Τ.</strong></span> <span class='ocrx_word' id='word_1_307' title='bbox 1725 3408 2065 3482; x_wconf 81' lang='lat' dir='ltr'><strong>Quinctium</strong></span> <span class='ocrx_word' id='word_1_308' title='bbox 2095 3424 2134 3468; x_wconf 85' lang='lat' dir='ltr'><strong>a</strong></span> <span class='ocrx_word' id='word_1_309' title='bbox 2159 3407 2293 3466; x_wconf 87' lang='lat' dir='ltr'><strong>Phi-</strong></span> 
     </span>
     <span class='ocr_line' id='line_1_39' title="bbox 334 3479 2294 3567; baseline 0.005 -28"><span class='ocrx_word' id='word_1_310' title='bbox 334 3479 505 3555; x_wconf 88' lang='lat' dir='ltr'><strong>lippo</strong></span> <span class='ocrx_word' id='word_1_311' title='bbox 532 3498 697 3560; x_wconf 81' lang='lat' dir='ltr'><strong>rege,</strong></span> <span class='ocrx_word' id='word_1_312' title='bbox 734 3485 832 3544; x_wconf 92' lang='grc' dir='ltr'><strong>Μ’.</strong></span> <span class='ocrx_word' id='word_1_313' title='bbox 864 3487 1127 3548; x_wconf 86' lang='lat' dir='ltr'><strong>Acilium</strong></span> <span class='ocrx_word' id='word_1_314' title='bbox 1155 3495 1216 3549; x_wconf 92' lang='lat' dir='ltr'><strong>et</strong></span> <span class='ocrx_word' id='word_1_315' title='bbox 1241 3490 1309 3550; x_wconf 96' lang='lat' dir='ltr'><strong>L.</strong></span> <span class='ocrx_word' id='word_1_316' title='bbox 1341 3489 1692 3567; x_wconf 86' lang='lat' dir='ltr'><strong>Scipionem</strong></span> <span class='ocrx_word' id='word_1_317' title='bbox 1722 3493 1799 3552; x_wconf 90' lang='lat' dir='ltr'><strong>ab</strong></span> <span class='ocrx_word' id='word_1_318' title='bbox 1832 3489 2154 3565; x_wconf 86' lang='lat' dir='ltr'><strong>Antiocho,</strong></span> <span class='ocrx_word' id='word_1_319' title='bbox 2187 3489 2294 3550; x_wconf 88' lang='lat' dir='ltr'><strong>Cn.</strong></span> 
     </span>
    </p>
   </div>
  </div>
 </body>
</html>
