2548 3950
544 222 775 284 LIBER
800 223 1064 284 XXXIII.
1112 224 1279 284 CAP.
1313 233 1394 288 16.
1431 232 1514 288 17.
1572 233 1644 300 [ιι.
1673 231 1890 300 &1971
2124 227 2206 292 97

238 372 552 438 silentium
590 389 738 436 mox
778 392 818 436 a
856 374 1231 438 verecundia
1259 375 1441 436 simul
1470 375 1766 454 pristinae
1798 376 2108 454 dignitatis
2133 395 2208 440 ac

234 453 665 522 misericordia
686 458 1052 557 praesentis·
1056 461 1340 524 fortunae
1365 469 1563 526 ortum
1587 469 1698 523 est.
1727 469 2034 539 potestate
2057 479 2208 540 quo-

237 559 364 622 que
395 541 643 604 dicendi
672 543 834 604 facta
859 541 1164 640 principio
1192 541 1570 620 suppliciter,
1600 541 1982 622 procedente
2006 556 2212 610 autem

236 627 550 702 oratione,
580 625 689 688 ubi
716 625 797 687 ad
827 625 1083 689 crimina
1110 625 1401 691 diluenda
1430 637 1678 692 ventum
1707 635 1834 706 cst,
1877 647 2017 692 cum
2046 639 2215 694 tanta

236 709 470 772 fiducia
502 717 790 808 quantam
816 709 1170 777 innocentia
1193 707 1380 775 dabat
1400 713 1856 787 disseruerunt,
1889 723 2208 813 postremo

235 798 401 858 ultro
431 793 669 870 aliquid
698 793 880 859 etiam
910 794 1082 871 queri
1108 803 1169 856 et
1190 795 1492 872 castigare
1519 797 1903 895 iniquitatem
1934 798 2163 860 simul
2147 817 2208 860 ιιι

238 896 313 942 se
344 877 891 976 crudelitatemque
918 878 1056 944 ausi
1084 878 1169 941 ita
1196 876 1560 943 adfecerunt
1586 881 1858 957 ιιιιιιιιοε,
1900 891 1968 945 ιιι
2007 882 2213 946 omnia

158 1015 165 1020 .
240 979 403 1059 quae
432 962 495 1024 in
524 978 638 1027 eos
668 963 917 1028 decreta
946 972 1119 1025 erant
1148 964 1528 1046 frequentes
1545 957 1856 1040 tollerent,
1899 983 2104 1043 neque
2134 983 2210 1028 eo

238 1045 446 1108 minus
482 1047 869 1126 redeundum
910 1048 973 1108 in
1004 1046 1363 1110 societatem
1402 1037 1666 1125 Phiiippi
1694 1051 2211 1126 abnuendamque

234 1119 659 1193 Romanorum
685 1130 1013 1194 amicitiam
1042 1139 1385 1194 censerent.

408 1215 597 1278 XVII.
640 1215 929 1277 Leucade
957 1216 1113 1277 haec
1144 1223 1289 1278 sunt
1318 1217 1584 1279 decreta.
1626 1215 1693 1278 id
1725 1225 1909 1294 caput
1935 1220 2210 1280 Acarna-

236 1302 383 1362 niae
412 1308 558 1372 erat‚
590 1315 795 1375 eoque
823 1299 885 1360 in
918 1299 1245 1362 concilium
1268 1317 1486 1363 omnes
1505 1302 1725 1380 populi
1741 1302 2193 1364 conveniebant

234 1385 452 1460 itaque
482 1399 621 1446 cum
648 1383 804 1446 haec
832 1383 1155 1459 repentina
1180 1382 1434 1446 mutatio
1467 1382 1801 1463 Corcyram
1830 1387 1913 1447 ad
1940 1387 2210 1462 legatum

234 1467 645 1532 Flamininum
671 1471 909 1544 perlata
930 1475 1114 1540 esset,
1148 1470 1459 1544 extemplo
1493 1484 1633 1530 cum
1661 1469 1865 1530 classe
1891 1469 2212 1546 profectus

234 1552 589 1616 Leucadem
610 1553 691 1614 ad
712 1553 1015 1614 Heraeum
1037 1553 1207 1629 quod
1230 1560 1464 1613 vocant
1483 1547 1678 1613 naves
1707 1553 2023 1630 applicuit.
2067 1553 2214 1616 inde

234 1654 382 1698 cum
413 1635 579 1699 omni
606 1651 839 1712 genere
880 1643 1324 1700 tormentorum
1363 1635 1938 1734 machinarumque,
1987 1637 2212 1712 quibus

237 1728 675 1818 expugnantur
702 1720 909 1795 urbeS‚
939 1720 1023 1798 ad
1046 1736 1257 1784 muros
1287 1719 1586 1797 accessit,
1622 1721 1704 1782 ad
1729 1722 1993 1799 primum
2019 1729 2212 1784 terro·

236 1821 371 1866 rem
398 1812 569 1871 ratus
597 1802 876 1867 inclinari
904 1801 1144 1885 animos
1187 1820 1403 1881 posse.
1469 1813 1803 1892 postquam
1830 1805 2037 1882 pacati
2065 1805 2215 1866 nihil

237 1887 711 1968 ostendebatur,
763 1898 891 1950 tum
940 1886 1157 1951 vineas
1210 1895 1537 1965 turresque
1581 1889 1819 1966 erigere
1860 1897 1922 1951 et
1961 1889 2214 1952 arietem

236 1973 468 2037 admon
469 1990 573 2038 ere
602 1972 793 2037 muris
823 1972 1049 2049 coepit.
1118 1972 1468 2035 Acarnania
1509 1972 1800 2037 universa
1841 1972 2001 2037 inter
2025 1975 2214 2037 Aeto-

237 2058 386 2119 liam
416 2066 605 2134 atque
629 2056 883 2135 Epirum
910 2057 1119 2133 posita
1149 2059 1347 2119 solem
1378 2057 1764 2120 occidentem
1806 2067 1868 2120 et
1907 2075 2076 2120 mare
2120 2056 2213 2120 Si-

238 2144 448 2219 culum
476 2148 734 2219 spectat.
806 2140 1117 2203 Leucadia
1144 2157 1309 2203 nunc
1337 2140 1539 2202 insula
1579 2135 1708 2215 est,
1749 2144 1992 2205 vadoso
2036 2145 2212 2215 trem,

240 2227 414 2303 quod
435 2228 792 2314 perfossum
814 2241 999 2287 manu
1012 2232 1125 2299 est,
1148 2225 1226 2286 ab
1242 2224 1594 2285 Acarnania
1615 2224 1847 2286 divisa:
1876 2234 2002 2288 tum
2024 2242 2214 2301 paen-

236 2308 443 2373 insula
484 2310 640 2383 era't,
687 2308 1027 2391 occidentis
1066 2308 1323 2383 regione
1365 2308 1514 2369 artis
1555 2306 1839 2372 faucibus
1871 2308 2214 2371 cohaerens

236 2393 651 2471 Acarnaniae.
718 2382 1089 2470 quingentos
1119 2394 1314 2453 ferme
1341 2408 1574 2477 passus
1603 2392 1828 2491 longae
1857 2408 1970 2454 eae
1998 2394 2214 2455 fauces

240 2488 447 2553 erant,
489 2466 650 2541 latae
691 2478 861 2541 haud
900 2476 1163 2555 amplius
1206 2479 1452 2538 centurn
1494 2467 1556 2539 e't
1596 2475 1829 2553 viginti.
1910 2475 1972 2536 in
2001 2476 2078 2539 iis
2107 2494 2214 2539 an-

240 2560 465 2640 gustiis
492 2562 735 2625 Leucas
763 2562 971 2641 posita
999 2570 1123 2636 est,
1170 2560 1314 2625 colli
1353 2559 1664 2647 applicata
1704 2576 1890 2624 verso
1920 2559 1982 2623 in
2015 2560 2214 2624 orien-

240 2656 367 2709 tem
409 2654 471 2708 et
505 2645 937 2709 Acarnaniam.
1022 2645 1145 2707 ima
1184 2644 1356 2707 urbis
1396 2637 1584 2724 plana
1623 2652 1794 2721 sunt,
1846 2645 2109 2709 iacentia
2136 2647 2217 2708 ad

241 2747 445 2807 mare,
490 2746 615 2811 quo
654 2730 968 2793 Leucadia
995 2732 1071 2792 ab
1100 2728 1456 2794 Acarnania
1497 2728 1808 2792 dividitur.
1882 2729 2027 2791 inde
2055 2738 2219 2793 terra

241 2814 525 2895 marique
553 2810 985 2896 expugnabilis
1014 2823 1140 2877 est·
1181 2831 1324 2877 nam
1353 2822 1414 2875 et
1443 2816 1604 2875 vada
1633 2822 1780 2877 sunt
1803 2822 2021 2891 stagno
2053 2814 2219 2877 simi-

154 2902 161 2907 “
241 2899 402 2963 liora
432 2916 619 2997 quam
643 2899 817 2973 mari,
867 2908 930 2961 et
958 2916 1214 2979 campus
1244 2892 1527 2961 terrenus
1559 2897 1760 2962 omnis
1798 2898 2100 2975 operique
2129 2901 2218 2960 fa-

242 2984 403 3047 cilis.
448 2982 657 3064 itaque
684 2982 891 3049 multis
916 2984 1100 3051 simul
1140 2982 1297 3047 locis
1339 2991 1444 3045 aut
1469 2975 1722 3045 subruti
1759 2991 1866 3044 aut
1893 2982 2082 3067 ariete
2111 2980 2216 3043 de-

244 3066 417 3133 cussi
457 3068 718 3147 ruebant
758 3054 933 3130 muri.
988 3070 1105 3131 sed
1145 3083 1331 3146 quam
1371 3069 1521 3130 urbs
1557 3067 1700 3145 ipsa
1728 3056 2078 3143 opportuna
2107 3082 2219 3142 op-

241 3152 665 3251 pugnantibus
682 3161 828 3227 erat,
848 3161 972 3215 tam
990 3150 1506 3229 inexpugnabiles
1529 3150 1800 3213 hostium
1822 3148 2028 3225 animi.
2054 3146 2218 3210 diem

241 3256 319 3301 ac
350 3246 599 3301 noctem
626 3233 843 3337 intenti
870 3238 1128 3300 reficere
1159 3242 1458 3312 quassata
1483 3230 1670 3307 muri,
1701 3220 2026 3297 'obstruere
2057 3249 2218 3309 quae

240 3324 559 3401 patefacta
583 3320 775 3404 ruinis
800 3331 990 3421 erant,
1019 3320 1258 3398 proelia
1285 3318 1543 3397 impigre
1571 3316 1755 3393 inire,
1788 3326 1848 3381 et
1875 3316 2060 3381 armis
2091 3334 2217 3379 ma-

240 3406 343 3484 gis
371 3422 584 3469 muros
616 3422 801 3483 quam
829 3422 899 3469 se
927 3406 1105 3483 ipsos
1134 3401 1458 3466 moenibus
1480 3400 1678 3465 tutari.
1724 3401 2079 3503 diutiusque
2102 3419 2216 3478 spe

238 3494 665 3557 Romanorum
716 3488 1105 3553 obsidionem
1167 3504 1304 3549 eam
1352 3485 1795 3562 extraxissent,
1854 3487 1918 3549 ni
1965 3489 2218 3551 exsules

328 3594 383 3636 τ.
408 3590 535 3634 1.1v1
558 3591 711 3635 raas
734 3574 837 3635 IV.
1776 3579 1810 3634 7
