2548 3950
380 250 507 313 296
698 245 926 306 LIBER
954 243 1250 304 XXXVII.
1296 242 1459 302 CAP.
1489 251 1574 302 40.
1621 250 1692 314 [a.
1715 251 1789 302 U.
1819 265 1870 305 c.
1899 248 2030 315 562]

380 402 461 462 tis
489 395 919 471 distinguebat.
982 411 1021 454 a
1047 393 1247 454 fronte
1272 389 1576 452 introrsus
1605 391 1667 449 in
1698 391 1862 453 duos
1891 399 1952 452 et
1975 391 2230 466 triginta
2255 409 2346 454 or·

384 479 561 546 dines
604 485 972 540 armatorum
1008 476 1177 536 acies
1218 474 1485 550 patebat.
1547 472 1668 534 hoc
1709 483 1772 536 et
1797 474 2044 535 roboris
2071 476 2140 534 in
2167 477 2348 551 regiis

383 567 582 642 copiis
623 571 782 636 erat,
825 570 887 623 et
924 560 1179 636 perinde
1222 574 1364 619 cum
1390 557 1509 618 alia
1536 556 1752 634 specie
1777 565 1908 619 tum
1935 559 2344 620 eminentibus

382 659 613 712 tantum
658 644 815 708 inter
856 651 1123 706 armatos
1157 641 1500 718 elephantis
1527 653 1818 714 magnum
1844 649 2150 702 terrorem
2178 659 2346 718 prae-

386 735 586 796 bebat.
630 733 911 805 ingentes
939 727 1060 802 ipsi
1091 733 1294 787 erant=
1337 719 1646 786 addebant
1673 724 1950 798 speciem
1979 725 2272 788 frontalia
2295 735 2350 787 et
2461 755 2463 758 <

384 818 607 878 cristae
634 821 696 875 et
720 821 894 888 tergo
923 810 1249 887 impositae
1277 815 1476 870 turres
1500 808 1897 883 turribusque
1918 816 2348 884 superstantes

386 906 631 976 praeter
659 903 963 959 rectorem
993 893 1270 970 quaterni
1301 891 1530 953 armati.
1587 892 1666 952 ad
1695 893 1854 952 latus
1885 892 2176 954 dextrum
2207 895 2348 970 pha·
2463 904 2465 916 ·

385 983 747 1059 langitarum
797 981 963 1040 mille
1010 986 1071 1039 et
1120 977 1484 1053 quingentos
1521 975 2062 1050 Gallograecorum
2111 977 2348 1052 equites

386 1067 701 1142 opposuit.
744 1065 839 1125 his
870 1062 986 1124 tria
1013 1061 1177 1122 milia
1205 1060 1479 1138 equitum
1507 1058 1902 1121 loricatorum
1919 1089 2010 1102 ·-—
2031 1060 2346 1136 cataphra-

384 1158 521 1212 ctos
553 1147 675 1224 ipsi
703 1147 1017 1223 appellant
1034 1177 1120 1190 -
1138 1144 1434 1205 adiunxit.
1472 1141 1682 1203 addita
1707 1141 1808 1202 his
1837 1139 1938 1202 'ala
1963 1143 2136 1204 mille
2167 1145 2347 1204 ferme

386 1235 690 1309 equitum=
746 1246 964 1305 agema
990 1245 1127 1290 eam
1153 1227 1486 1290 vocabant=
1540 1225 1708 1287 Medi
1735 1232 1928 1300 erant,
1958 1227 2099 1288 lecti
2133 1227 2268 1300 viri,
2295 1234 2350 1288 et

384 1318 665 1378 eiusdem
700 1315 970 1389 regionis
998 1313 1169 1374 mixti
1195 1313 1518 1373 multarum
1543 1310 1813 1384 gentium
1841 1309 2104 1386 equites.
2165 1311 2348 1372 conti-

390 1418 546 1462 nens
595 1401 693 1461 his
742 1415 895 1474 grex
946 1397 1218 1459 sedecim
1266 1394 1733 1470 elephantorum
1773 1399 1869 1454 est
1917 1393 2256 1469 oppositus
2292 1395 2346 1454 in

386 1484 705 1546 subsidiis.
748 1484 825 1544 ab
854 1483 1075 1544 eadem
1101 1485 1293 1556 parte,
1327 1480 1578 1555 paulum
1603 1477 1910 1555 producto
1940 1493 2158 1552 cornu,
2189 1479 2349 1552 regia

388 1567 615 1628 cohors
645 1575 804 1627 erata
844 1563 1286 1641 argyraspides
1315 1579 1354 1623 a
1378 1578 1606 1638 genere
1629 1578 1935 1624 armorum
1956 1563 2346 1639 appellaban-

386 1659 502 1711 tur.
568 1649 779 1710 Dahae
816 1648 1072 1720 deinde,
1122 1647 1365 1723 equites
1405 1645 1733 1722 sagittarii,
1780 1648 1945 1709 mille
1985 1655 2049 1709 et
2086 1648 2346 1710 ducenti.

386 1741 514 1794 tum
544 1730 697 1792 levis
729 1739 1032 1794 armatura
1057 1730 1239 1790 trium
1266 1731 1512 1804 milium,
1543 1730 1676 1806 pari
1706 1732 1898 1791 ferme
1925 1748 2183 1794 numero
2206 1749 2346 1808 pars

386 1815 716 1877 Cretenses
743 1829 893 1890 pars
914 1814 1162 1874 Tralles.
1209 1815 1333 1876 duo
1362 1814 1526 1874 milia
1555 1821 1616 1875 et
1643 1816 1958 1890 quingenti
1979 1815 2146 1892 Mysi
2169 1816 2342 1892 sagit-

387 1900 523 1961 tarii
557 1899 654 1960 his
685 1897 954 1960 adiuncti
977 1904 1170 1959 erant.
1215 1905 1552 1959 extremum
1573 1913 1765 1959 cornu
1790 1899 2160 1960 claudebant
2181 1905 2346 1975 quat·

388 1993 528 2048 tuor
568 1984 733 2046 milia
772 1983 943 2044 mixti
978 1982 1221 2061 Cyrtaei
1260 1981 1601 2045 funditores
1631 1990 1694 2044 et
1716 1982 1994 2061 Elymaei
2036 1984 2345 2060 sagittarii.

390 2068 469 2129 ab
493 2071 669 2128 laevo
694 2084 887 2129 cornu
910 2066 1274 2141 phalangitis
1300 2065 1570 2128 adiuncti
1591 2076 1766 2128 erant
1779 2068 2162 2143 Gallograeci
2183 2069 2342 2145 equi-

388 2159 484 2213 tes
512 2151 675 2213 mille
704 2158 766 2212 et
797 2150 1140 2226 quingenti,
1182 2150 1454 2211 similiter
1478 2150 1575 2210 his
1603 2151 1817 2212 armati
1848 2152 1972 2213 duo
2001 2152 2170 2213 milia
2203 2153 2344 2228 Gap·

390 2236 732 2313 padocumz
780 2234 857 2297 ab
886 2234 1207 2295 Ariarathe
1248 2232 1420 2294 missi
1451 2240 1625 2294 erant
1652 2234 1803 2309 regi.
1847 2235 1994 2296 inde
2021 2238 2344 2297 auxiliares

387 2320 558 2381 mixti
590 2320 860 2380 omnium
888 2334 1181 2393 generum
1203 2318 1329 2378 duo
1361 2318 1524 2377 milia
1553 2319 1938 2394 septingenti,
1971 2327 2033 2380 et
2059 2320 2173 2380 tria
2193 2320 2344 2380 milia

388 2402 925 2478 cataphractorum
954 2403 1257 2477 equitum,
1300 2410 1360 2462 et
1397 2401 1560 2462 mille
1599 2400 1701 2461 alii
1742 2404 2016 2478 equites,
2058 2404 2228 2478 regia
2255 2404 2344 2461 ala

387 2486 721 2547 levioribus
758 2486 1125 2562 tegumentis
1155 2485 1289 2544 suis
1318 2500 1780 2561 equorumque,
1823 2486 1944 2547 alio
1975 2486 2144 2549 haud
2173 2486 2344 2547 dissi-

386 2570 512 2631 mili
550 2570 793 2632 habituz
840 2569 983 2649 Syri
1024 2569 1306 2646 plerique
1344 2575 1519 2631 erant
1541 2568 1892 2647 Phrygibus
1933 2576 1996 2631 et
2023 2571 2216 2649 Lydis
2244 2571 2342 2629 im-

388 2654 575 2713 mixti.
642 2661 781 2713 ante
808 2654 981 2714 hunc
1012 2651 1348 2728 equitatum
1374 2653 1632 2713 falcatae
1665 2650 2002 2729 quadrigae
2029 2661 2094 2715 et
2120 2653 2344 2725 cameli,

390 2752 552 2810 quos
595 2737 910 2811 appellant
944 2736 1295 2797 dromades.
1357 2735 1454 2797 his
1493 2734 1846 2798 insidebant
1883 2738 2129 2799 Arabes
2169 2736 2343 2813 sagit-

388 2817 525 2880 tarii
539 2864 554 2891 ‚
584 2819 825 2895 gladios
854 2820 1053 2881 tenuis
1081 2820 1379 2881 habentes
1395 2866 1410 2894 ,
1453 2822 1674 2894 longos
1705 2826 2006 2896 quaterna
2036 2820 2254 2893 cubita,
2283 2827 2344 2879 ut

390 2920 471 2966 ex
499 2909 667 2964 tanta
706 2903 1021 2965 altitudine
1061 2903 1417 2979 contingere
1455 2903 1696 2966 hostem
1727 2910 2006 2980 possent.
2059 2905 2206 2966 inde
2234 2902 2343 2965 alia

390 2988 730 3062 multitudo,
760 3004 875 3065 par
901 2989 958 3049 ei
988 3003 1149 3064 quae
1182 2986 1243 3048 in
1273 2985 1490 3050 dextro
1522 3004 1718 3049 cornu
1746 2994 1892 3062 erat,
1925 2988 2104 3064 primi
2129 2990 2344 3049 Taren-

387 3071 528 3147 tini,
572 3071 797 3133 deinde
829 3073 1368 3148 Gallograecorum
1413 3072 1684 3148 equitum
1729 3072 1852 3133 duo
1893 3072 2060 3133 milia
2087 3079 2150 3132 et
2177 3072 2346 3147 quin-

387 3154 572 3233 genti,
589 3155 734 3217 inde
750 3160 1084 3222 Neocretes
1116 3156 1310 3231 mille,
1353 3161 1416 3216 et
1438 3156 1662 3217 eodem
1691 3162 1927 3217 armatu
1956 3155 2140 3216 Cares
2171 3162 2232 3215 et
2257 3154 2342 3215 Ci-

389 3241 540 3318 lices
581 3239 745 3302 mille
792 3248 853 3302 et
883 3240 1224 3316 quingenti,
1268 3246 1331 3299 et
1368 3238 1623 3301 totidem
1650 3239 1912 3313 TralleS,
1955 3246 2019 3300 et
2043 3240 2162 3299 tria
2187 3239 2348 3299 milia

392 3330 826 3384 caetratorum=
865 3324 1109 3385 Pisidae
1159 3329 1334 3383 erant
1381 3330 1442 3383 et
1477 3322 1820 3398 Pamphylii
1869 3330 1932 3383 et
1967 3322 2162 3401 Lycii.
2225 3331 2348 3384 tum

392 3404 789 3479 Cyrtaeorum
818 3412 879 3465 et
903 3405 1339 3483 Elymaeorum
1375 3405 1546 3479 paria
1573 3406 1634 3465 in
1665 3405 1882 3467 dextro
1913 3421 2107 3467 cornu
2132 3406 2348 3467 locatis

392 3483 647 3553 auxilia,
692 3494 755 3545 et
782 3486 1051 3547 sedecim
1080 3487 1388 3565 elephanti
1416 3486 1661 3550 modico
1689 3488 2004 3551 intervallo
2031 3488 2352 3552 distantes.
