2548 3950
573 206 807 267 LIBER
826 206 1151 267 XXXVIII.
1203 205 1368 265 ΟΑΡ.
1394 214 1480 269 43.
1503 214 1591 269 44.
1637 214 1713 281 [a.
1738 212 1802 266 C.
1827 214 1951 280 187]
2105 206 2236 271 359

274 360 565 423 Manlium
593 375 632 419 a
656 358 863 432 Gallis,
892 358 1097 433 ipsum
1119 358 1199 418 M.
1224 356 1503 418 Fulvium
1531 358 1608 419 ab
1628 358 1864 420 Aetolis
1894 364 1958 419 et
1977 359 2232 434 Cephal-

273 444 474 507 leniae
518 442 771 518 populis
811 442 1091 504 accusari
1131 447 1526 515 paterentur?
1577 440 2004 515 „Ambraciam
2035 459 2233 519 oppu—

273 533 519 602 gnatam
550 532 612 585 et
640 531 913 599 captam,
944 531 1006 585 et
1034 525 1211 599 signa
1235 523 1378 583 inde
1408 530 1886 599 ornamentaque
1915 526 2146 599 ablata,
2175 534 2232 586 el

274 620 481 672 cetera
521 610 682 669 facta
721 622 879 683 quae
921 608 1118 683 captis
1145 606 1402 668 urbibus
1430 608 1699 680 soleant,
1741 614 2100 683 negaturum
2131 617 2236 672 aut

272 708 374 755 me
402 707 518 767 pro
546 690 627 751 M.
655 690 871 751 Fulvio
906 698 1009 750 aut
1036 690 1240 766 ipsum
1265 689 1348 749 M.
1375 690 1652 751 Fulvium
1684 690 1981 765 censetis,
2024 697 2232 765 patres

274 774 625 851 conscripti,
643 774 749 849 qui
772 774 852 835 ob
872 772 987 833 has
1009 788 1111 834 res
1134 779 1344 847 gestas
1366 772 1736 849 triumphum
1761 790 1799 833 a
1819 774 1996 835 vobis
2020 782 2232 850 postu-

270 860 505 919 laturus
535 855 631 932 sit,
659 855 1049 917 Ambraciam
1078 862 1336 931 captam,
1367 857 1671 931 signaque
1701 873 1859 933 quae
1889 857 2092 917 ablata
2119 859 2232 917 cri·

270 942 603 1014 minantur,
646 947 708 1001 et
735 946 939 999 cetera
966 939 1166 1016 spolia
1194 940 1326 999 eius
1352 939 1526 1000 urbis
1556 946 1696 1005 ante
1725 955 1968 1001 currum
1999 942 2232 1001 laturus

271 1031 334 1085 et
359 1026 598 1085 fixurus
636 1018 725 1087 in'
742 1022 1026 1098 postibus
1067 1021 1245 1083 suis?
1285 1022 1432 1083 nihil
1461 1029 1559 1083 est
1594 1022 1761 1099 quod
1789 1037 1859 1085 se
1889 1024 1966 1086 ab
1995 1024 2232 1085 Aetolis

214 1172 227 1182 ,
272 1114 593 1182 separent=
638 1108 854 1167 eadem
874 1106 1404 1169 Ambraciensium
1432 1112 1494 1167 et
1510 1106 2088 1169 Aetolorumcausa
2116 1116 2232 1169 est.

270 1189 479 1266 itaque
509 1192 747 1263 collega
772 1204 947 1250 meus
975 1192 1073 1249 vel
1103 1189 1166 1249 in
1194 1189 1314 1250 alia
1341 1206 1531 1252 causa
1558 1190 1913 1252 inimicitias
1930 1199 2230 1267 exerceat,

271 1274 373 1333 vel
412 1274 469 1334 si
508 1272 572 1332 in
612 1272 731 1333 hac
765 1272 977 1347 utique
1003 1273 1264 1346 mavult,
1306 1273 1566 1334 retineat
1592 1272 2052 1341 Ambraciensis
2077 1291 2231 1335 suos

276 1359 340 1419 in
382 1358 709 1417 adventum
736 1356 817 1415 M.
846 1354 1064 1417 Fulvii.
1134 1370 1251 1429 ego
1293 1370 1407 1415 nec
1437 1357 1516 1416 de
1541 1357 2088 1418 Ambraciensibus
2117 1372 2232 1417 nec

274 1441 354 1501 de
388 1441 627 1501 Aetolis
670 1439 918 1500 decerni
960 1440 1286 1517 quicquam
1327 1438 1582 1499 absente
1609 1438 1692 1499 M.
1721 1439 1934 1500 Fulvio
1978 1439 2233 1515 patiar.“

270 1523 481 1584 XLIV.
539 1539 678 1583 cum
706 1522 1003 1584 Aemilius
1045 1522 1326 1583 callidam
1364 1522 1648 1582 malitiam
1677 1522 1902 1587 inimici
1929 1526 2097 1586 velut
2123 1538 2233 1583 no-

273 1613 399 1669 tam
430 1606 711 1669 omnibus
740 1606 1143 1680 insimularet,
1175 1614 1239 1668 et
1263 1614 1506 1685 tempus
1537 1622 1676 1667 eum
1704 1608 2001 1670 morando
2033 1612 2232 1668 extra·

272 1698 509 1753 cturum
538 1690 799 1767 diceret,
840 1707 919 1751 ne
949 1693 1204 1754 consule
1230 1690 1475 1753 inimico
1505 1692 1764 1753 Romam
1790 1690 2055 1764 veniret,
2100 1705 2234 1751 cer·
2297 1720 2303 1737 ‹

270 1774 496 1836 tamine
536 1776 857 1837 consulum
884 1775 1134 1839 biduum
1162 1776 1552 1852 absumptum
1580 1780 1691 1837 est.
1763 1790 1878 1835 nec
1906 1781 2233 1852 praesente

271 1858 565 1919 Flaminio
596 1859 845 1923 decerni
878 1858 1208 1935 quicquam
1232 1859 1556 1920 videbatur
1583 1874 1795 1934 posse.
1854 1865 2098 1934 captata
2127 1874 2230 1919 oc-

272 1944 443 2004 casio
474 1949 587 2017 est,
616 1958 754 2003 cum
782 1957 968 2018 aeger
995 1945 1151 2004 forte
1170 1942 1501 2003 Flaminius
1527 1942 1801 2012 abesset3
1849 1948 1910 2002 et
1929 1944 2232 2004 referente

272 2026 531 2085 Aemilio
563 2032 815 2086 senatus
844 2028 1191 2087 consultum
1212 2026 1436 2088 factum
1461 2031 1570 2098 est,
1601 2032 1669 2085 ut
1687 2022 2230 2084 Ambraciensibus

274 2123 424 2168 suae
450 2123 552 2168 res
583 2122 797 2170 omnes
824 2108 1259 2179 redderentur3
1289 2109 1348 2168 in
1371 2109 1645 2168 libertate
1668 2113 1879 2168 essent
1898 2123 1971 2167 ac
1993 2107 2232 2183 legibus

276 2193 405 2254 suis
434 2197 781 2260 uterentur3
826 2193 1099 2267 portoria
1130 2208 1291 2268 quae
1317 2193 1544 2252 vellent
1569 2200 1730 2253 terra
1749 2191 2025 2266 marique
2047 2205 2226 2266 cape-

269 2282 433 2350 rent,
477 2276 623 2335 dum
665 2290 877 2336 eorum
916 2277 1215 2337 immunes
1245 2275 1508 2337 Romani
1535 2291 1610 2336 ac
1637 2274 1792 2336 socii
1827 2274 2088 2335 nominis
2117 2275 2228 2332 La-

273 2359 381 2420 tini
410 2366 641 2419 essent.
686 2359 863 2434 signa
891 2359 1134 2434 aliaque
1164 2366 1519 2421 ornamenta
1550 2375 1706 2434 quae
1732 2364 2130 2433 quererentur
2153 2371 2232 2414 ex

271 2443 535 2503 aedibus
578 2442 772 2503 sacris
804 2443 1047 2504 sublata
1074 2459 1247 2516 esse,
1291 2444 1370 2504 de
1398 2443 1504 2518 iis,
1551 2458 1688 2502 cum
1715 2441 1796 2502 M.
1823 2441 2075 2501 Fulvius
2103 2441 2228 2500 Ro-

267 2542 430 2588 mam
456 2526 843 2601 revertisset,
874 2528 1121 2602 placere
1149 2528 1230 2586 ad
1258 2525 1583 2601 collegium
1605 2525 1966 2601 pontificum
1994 2523 2228 2595 referri,

270 2617 334 2672 et
360 2610 529 2684 quod
572 2609 613 2669 ii
644 2609 1039 2671 censuissent
1074 2610 1226 2671 fieri.
1294 2625 1495 2685 neque
1534 2610 1632 2670 his
1663 2615 1981 2670 contentus
2013 2608 2231 2668 consul

268 2691 398 2767 cuit,
428 2693 543 2754 sed
573 2701 793 2769 postea
826 2711 938 2770 per
964 2694 1428 2770 infrequentiam
1455 2693 1678 2754 adiecit
1705 2698 1954 2753 senatus
1987 2692 2230 2752 consul-

266 2783 413 2851 tum,
444 2777 831 2839 Ambraciam
863 2795 985 2838 non
1017 2777 1209 2838 videri
1236 2777 1298 2838 vi
1329 2784 1568 2854 captam
1599 2793 1760 2841 esse.

438 2859 818 2938 snpplicatio
848 2861 991 2922 inde
1021 2878 1101 2922 ex
1128 2863 1612 2924 decemvirorum
1642 2860 1888 2921 decreto
1921 2874 2034 2934 pro
2063 2857 2229 2916 vale-

268 2945 479 3004 tudine
508 2947 723 3020 populi
753 2963 865 3020 per
892 2946 1156 3008 triduum
1187 2947 1314 3016 suit,
1348 2945 1493 3020 quia
1520 2944 1726 3018 gravis
1756 2941 2104 3016 pestilentia
2129 2954 2228 2998 ur-

270 3025 409 3086 bem
440 3033 624 3101 atque
653 3043 839 3102 agros
864 3028 1165 3089 vastabat.
1225 3027 1478 3086 Latinae
1505 3027 1649 3084 inde
1678 3026 1938 3084 fuerunt.
2005 3020 2226 3098 quibus

268 3110 669 3184 religionibus
698 3109 932 3170 liberati
962 3111 1268 3183 consuleS,
1300 3115 1361 3170 et
1389 3108 1615 3168 dilectu
1646 3107 1918 3181 perfecto
1943 3138 2028 3152 -
2047 3103 2228 3164 novis

268 3192 427 3254 enim
465 3200 726 3268 uterque
770 3193 976 3254 maluit
1001 3192 1089 3254 uti
1118 3192 1404 3253 militibus
1427 3223 1542 3264 —-,
1581 3189 1641 3252 in
1673 3187 2054 3265 provinciam
2085 3202 2227 3262 pro-

270 3275 411 3337 fecti
441 3284 600 3351 sunt,
626 3283 997 3354 veteresque
1027 3291 1241 3338 omncs
1269 3275 1646 3336 dimiserunt.

434 3358 585 3422 Post
610 3361 931 3422 consulum
971 3360 1414 3437 profectionem
1444 3357 1548 3418 Cn.
1576 3356 1841 3418 Manlius
1893 3355 2228 3432 proconsul

266 3445 521 3505 Romam
549 3444 746 3508 venit.
792 3443 891 3505 cui
918 3461 1055 3506 cum
1085 3445 1163 3504 ab
1192 3441 1323 3504 Ser.
1356 3439 1629 3518 Sulpicio
1656 3446 1942 3518 praetore
1972 3445 2226 3500 senatus
