2548 3950
380 234 505 298 336
634 235 862 296 LIBER
890 234 1213 295 XXXVHI.
1260 232 1654 295 CAP.19.20.
1702 240 1774 305 [a.
1803 232 2098 309 uaeas]

381 396 583 449 autem
608 393 753 447 tunc
779 387 959 446 trium
988 386 1356 461 populorum
1384 385 1580 461 reguli
1609 383 1899 459 Ortiagon
1929 391 1990 445 et
2017 384 2350 447 Combolo-

382 486 587 533 marus
629 476 689 529 et
718 470 1031 531 Gaulotus.
1104 469 1179 529 iis
1216 468 1374 529 haec
1413 468 1674 527 maxime
1701 468 1854 529 ratio
1884 468 2029 529 belli
2058 470 2348 529 sumendi

293 623 298 629 ,
383 552 608 626 fuerat,
655 554 825 629 quod
850 569 991 614 curn
1019 557 1263 613 montes
1302 552 1674 612 editissimos
1703 550 1976 629 regionis
2005 552 2140 613 eius
2176 559 2346 614 tene·

380 646 543 711 rent,
589 637 901 700 convectis
944 637 1259 709 omnibus,
1307 636 1589 711 quae-ad
1628 650 1810 697 usum
1854 635 2134 712 quamvis
2179 636 2348 713 longi

380 722 681 800 temporis
705 720 1088 793 sufficerent,
1130 719 1336 781 taedio
1367 734 1441 779 se
1468 719 1826 793 fatigaturos
1858 717 2095 779 hostem
2128 734 2346 781 cense-

379 807 555 866 bant=
612 820 751 865 nam
799 820 1002 880 neque
1050 818 1314 865 ausuros
1356 819 1470 879 per
1509 810 1633 863 tam
1671 802 1866 866 ardua
1903 809 2093 877 atque
2132 802 2348 879 iniqua

378 892 521 950 loca
548 888 757 950 subire
784 902 929 957 eos;
972 894 1035 949 et
1063 888 1117 948 si
1144 894 1532 960 conarentur,
1574 887 1670 945 vel
1699 901 1894 963 parva
1921 902 2109 947 manu
2135 886 2346 962 prohi-

379 974 510 1034 beri
550 979 655 1032 aut
694 971 1000 1033 deturbari
1042 986 1267 1046 posse;
1308 986 1422 1031 nec
1465 970 1707 1046 quietos
1738 970 1802 1029 in
1830 968 2144 1033 radicibus
2171 986 2345 1032 mon-

379 1055 528 1117 tium
566 1056 907 1131 gelidorum
946 1055 1265 1128 sedenteS,
1297 1053 1490 1129 frigus
1533 1062 1637 1115 aut
1673 1053 1945 1131 inopiam
1985 1054 2242 1115 laturos.
2285 1067 2348 1117 et

381 1155 519 1200 cum
560 1140 701 1214 ipsa
726 1138 979 1201 altitudo
1013 1140 1289 1200 locorum
1323 1154 1435 1200 eos
1461 1143 1784 1213 tutaretur,
1829 1139 2060 1199 fossam
2093 1155 2348 1215 quoque

380 1231 441 1284 et
470 1221 591 1283 alia
631 1222 1003 1284 munimenta
1042 1221 1376 1283 verticibus
1405 1222 1478 1285 iis
1511 1236 1674 1299 quos
1702 1220 2060 1285 insederant
2087 1222 2346 1284 circum·

379 1307 599 1367 iecere.
661 1305 905 1367 minima
953 1312 1289 1381 apparatus
1338 1303 1659 1367 missilium
1709 1304 1966 1366 telorum
2017 1320 2168 1367 cura
2216 1304 2346 1380 fuit,

385 1390 553 1465 quod
592 1406 749 1451 saxa
788 1390 1037 1451 adfatim
1077 1390 1488 1466 praebituram
1525 1390 1916 1465 asperitatem
1945 1390 2143 1465 ipsam
2177 1389 2345 1451 loco·

378 1488 513 1534 rum
540 1473 887 1535 credebant.

546 1556 672 1620 XX.
718 1558 945 1619 Consul
990 1556 1133 1632 quia
1160 1573 1286 1618 non
1317 1556 1656 1618 comminus
1686 1572 1953 1633 pugnam
1983 1556 2098 1617 sed
2125 1559 2346 1633 procul

378 1638 531 1703 locis
562 1641 992 1715 oppugnandis
1030 1642 1296 1701 futuram
1323 1650 1724 1716 praeceperat
1753 1640 1955 1701 animo
1972 1687 1987 1713 ,
2033 1640 2346 1715 ingentem

380 1740 499 1782 vim
530 1724 822 1798 pilorum,
849 1723 1191 1784 velitarium
1220 1724 1561 1797 hastarum,
1591 1723 1950 1799 sagittarum
1975 1721 2348 1801 glandisque

378 1814 438 1866 et
462 1806 842 1869 modicorum
874 1805 980 1881 qui
1009 1807 1197 1867 funda
1224 1807 1374 1868 mitti
1402 1816 1664 1883 possent
1694 1808 1964 1883 lapidum
1995 1817 2344 1883 paraverat.

382 1889 836 1966 instructusque
880 1890 1201 1953 missilium
1243 1897 1545 1967 apparatu
1583 1891 1665 1951 ad
1706 1889 2032 1969 Olympum
2073 1900 2350 1953 montem

380 1973 577 2048 ducit,
617 1983 681 2036 et
706 1991 745 2036 a
787 1972 1061 2050 quinque
1102 1975 1294 2036 ferme
1331 1972 1576 2037 milibus
1605 1984 1810 2036 castra
1835 1975 2016 2036 locat.
2085 1982 2344 2052 postero

380 2059 477 2119 die
497 2074 637 2120 cum
659 2059 1117 2134 quadringentis
1140 2059 1449 2136 equitibus
1473 2066 1533 2120 et
1553 2061 1758 2120 Attalo
1783 2074 2184 2136 progressum
2204 2074 2346 2120 eum

375 2142 455 2201 ad
484 2148 758 2204 naturam
784 2144 1009 2204 montis
1040 2143 1348 2217 situmque
1372 2143 1739 2204 Gallicorum
1769 2151 2110 2206 castrorum
2136 2143 2344 2204 visen·

374 2226 521 2286 dum
549 2227 790 2300 equites·
818 2226 1115 2299 hostium,
1148 2227 1377 2302 duplex
1405 2241 1696 2287 numerus
1725 2225 1908 2288 effusi
1936 2243 1973 2288 e
2003 2225 2246 2299 castriS,
2279 2227 2346 2286 in

375 2310 581 2384 Fugam
620 2317 1002 2372 averterunt:
1050 2311 1239 2371 occisi
1285 2324 1536 2385 quoque
1565 2310 1745 2385 pauci
1775 2309 2166 2386 fugientium,
2210 2313 2346 2371 vul·

373 2393 566 2454 nerati
594 2394 824 2468 plures.
868 2394 1046 2455 tertio
1075 2394 1178 2453 die
1204 2409 1345 2454 cum
1375 2394 1660 2454 omnibus
1691 2395 1769 2455 ad
1793 2395 1930 2456 loca
1953 2394 2348 2470 exploranda

372 2476 707 2551 profectuS,
740 2478 885 2552 quia
913 2493 1091 2538 nemo
1124 2475 1392 2538 hostium
1414 2483 1587 2538 extra
1615 2478 1986 2540 munimenta
2013 2478 2345 2554 processit,

372 2567 502 2624 tuto
522 2559 969 2624 circumvectus
990 2568 1276 2632 montem,
1292 2559 1718 2622 animadvertit
1731 2562 2066 2623 meridiana
2081 2562 2344 2636 regione

369 2651 651 2705 terrenos
678 2651 739 2706 et
762 2645 1001 2721 placide
1026 2644 1292 2706 acclives
1315 2645 1396 2706 ad
1419 2646 1730 2720 quendam
1750 2646 1934 2706 finem
1957 2645 2149 2707 colles
2172 2660 2344 2720 esse,

370 2743 409 2786 a
435 2728 853 2801 septentrione
893 2729 1087 2788 ardua
1122 2733 1183 2788 et
1208 2737 1412 2790 rectas
1441 2744 1638 2805 prope
1664 2744 1886 2806 rupes3
1931 2736 2118 2806 atque
2142 2730 2342 2790 omni-

371 2809 486 2869 bus
516 2810 708 2871 ferme
738 2811 874 2871 aliis
894 2810 1076 2872 inviis
1098 2811 1314 2872 itinera
1335 2812 1452 2872 tria
1471 2828 1634 2885 esse,
1666 2829 1853 2874 unum
1881 2813 2086 2874 medio
2108 2819 2340 2887 monte,

368 2908 493 2968 qua
536 2899 777 2954 terrena
816 2900 1016 2967 erant,
1054 2895 1179 2955 duo
1222 2895 1490 2956 difficilia
1535 2897 1611 2956 ab
1638 2896 1895 2957 hiberno
1926 2897 2080 2958 solis
2111 2902 2252 2958 ortu
2283 2905 2346 2957 et

366 2977 445 3037 ab
486 2977 723 3039 aestivo
756 2992 1020 3040 ‚occasu-
1094 2978 1249 3040 haec
1293 2982 1738 3054 contemplatus
1781 2996 1857 3041 eo
1900 2981 2002 3041 die
2031 2980 2148 3042 sub
2175 2978 2340 3056 ipsis

363 3060 674 3123 radicibus
704 3063 916 3137 posuit
948 3069 1180 3136 castra,
1222 3071 1476 3139 postero
1506 3063 1610 3124 die
1638 3063 1944 3124 sacrificio
1977 3065 2160 3136 facto,
2196 3080 2340 3126 cum

363 3143 579 3219 primis
610 3145 827 3206 hostiis
848 3148 1105 3221 litasset,
1136 3146 1431 3208 trifariam
1454 3147 1789 3212 exercitum
1812 3148 2080 3209 divisum
2103 3148 2342 3210 ducere

364 3227 443 3286 ad
473 3227 714 3290 hostem
742 3233 961 3306 pergit.
1005 3233 1143 3307 ipse
1173 3247 1312 3291 cum
1343 3230 1607 3292 maxima
1633 3240 1807 3307 parte
1837 3231 2176 3307 copiarum,
2209 3248 2338 3308 qua

360 3310 802 3385 aequissimum
831 3313 1060 3376 aditum
1091 3314 1424 3390 praebebat
1451 3330 1660 3387 mons,
1690 3316 1992 3376 ascendit.
2060 3315 2128 3376 L.
2157 3313 2339 3376 Man·

358 3391 504 3453 lium
536 3396 782 3456 fratrem
808 3395 887 3456 ab
914 3396 1171 3459 hiberno
1202 3406 1357 3471 ortu,
1389 3398 1596 3474 quoad
1624 3399 1762 3458 loca
1784 3397 2093 3473 patiantur
2114 3404 2176 3458 et
2196 3406 2340 3462 tuto

359 3475 588 3550 possit,
629 3478 837 3539 subire
877 3479 1073 3541 iubet:
1120 3482 1173 3542 si
1216 3498 1340 3557 qua
1382 3482 1732 3557 periculosa
1768 3489 1830 3543 et
1855 3487 2194 3558 praerupta
2220 3497 2336 3542 oc-
