2548 3950
377 227 455 290 16
669 221 893 282 LIBER
919 219 1128 279 XXXI.
1171 219 1336 278 CAP.
1372 227 1455 280 18.
1490 225 1574 280 19.
1621 224 1691 290 [a.
1724 223 1795 276 U.
1826 221 2028 290 &5521

368 375 632 437 maxime
664 372 951 449 Abydum
981 376 1383 445 oppugnaret,
1415 384 1553 428 cum
1580 384 1711 443 rein,
1744 369 1821 427 ab
1844 369 2045 430 Attalo
2077 376 2139 429 et
2164 369 2333 430 Rho-

367 460 487 521 diis
517 459 676 518 ultro
709 471 780 514 se
805 455 967 514 bello
1001 451 1357 514 lacessitum
1380 451 1630 525 diceret,
1654 469 1840 526 „num
1862 451 2153 528 Abydeni
2178 471 2336 528 quo-

370 548 532 618 que“
587 538 785 614 inquit
836 540 1034 610 „ultro
1077 535 1186 597 tibi
1226 537 1556 597 intulerunt
1596 540 1855 595 arnia‘3“
1909 535 2154 596 insueto
2181 553 2337 597 vera

370 625 584 687 audire
615 619 878 684 ferocior
907 619 1100 682 oratio
1133 619 1267 679 visa
1296 627 1409 692 est,
1454 636 1637 695 quam
1661 635 1827 693 quae
1854 617 2139 680 habenda
2166 621 2333 695 apud

371 725 577 784 regem
617 714 805 768 esset.
879 708 1130 778 ‚,aetas“
1182 702 1379 778 inquit
1428 710 1527 777 „et
1569 704 1763 764 forma
1798 709 1858 763 et
1899 718 2089 778 super
2128 704 2335 764 omnia
2412 711 2415 714 ’

372 792 710 854 Romanum
738 804 958 850 nomen
990 794 1049 847 te
1079 786 1442 848 ferociorem
1471 785 1631 846 facit„
1691 801 1806 860 ego
1838 793 2043 847 autem
2069 786 2331 862 primum

375 876 558 938 velim
605 890 725 934 vos
775 871 1093 935 foederum
1143 887 1451 932 memores
1502 885 1753 931 servare
1800 885 2041 930 mecum
2090 886 2331 946 pacem.

371 961 467 1022 sin
496 959 660 1020 bello
694 954 1014 1028 lacessitiS,
1058 954 1204 1014 mihi
1234 970 1485 1030 quoque
1514 952 1715 1014 animo
1748 960 1843 1014 est
1873 956 2105 1026 faceres
2148 963 2211 1014 et
2233 971 2335 1014 re-

371 1061 560 1119 gnum
588 1050 650 1102 et
668 1040 1076 1100 Macedonum
1105 1055 1327 1098 nomen
1356 1037 1524 1098 haud
1551 1037 1753 1098 minus
1786 1053 1967 1112 quam
1988 1037 2337 1100 Romanum

373 1127 578 1187 nobile
627 1122 965 1184 sentietis.“
1051 1120 1137 1182 ita
1177 1121 1433 1183 dimisso
1478 1122 1679 1196 legato
1706 1119 2026 1196 Philippus
2056 1137 2206 1181 auro
2236 1139 2336 1182 ar-

373 1216 700 1286 gentoque,
736 1222 894 1282 quae
924 1213 1289 1266 coacervata
1318 1213 1507 1276 erant,
1540 1212 1797 1280 accepto
1819 1203 2132 1264 hominum
2153 1220 2336 1280 prae-

373 1293 514 1354 dam
556 1306 796 1353 omnem
837 1289 1056 1352 amisit.
1150 1296 1314 1351 tanta
1354 1288 1517 1350 enim
1543 1287 1745 1350 rabies
1772 1287 2213 1350 multitudinem
2244 1288 2337 1348 in-

375 1377 550 1448 vasit,
591 1383 658 1437 ut
684 1383 938 1450 repente
971 1372 1248 1448 proditos
1277 1371 1393 1435 rati
1424 1372 1529 1448 qui
1558 1379 1902 1450 pugnantes
1930 1379 2188 1434 mortem
2230 1389 2339 1432 oc-

374 1460 759 1532 cubuissent,
809 1457 1266 1534 periuriumque
1300 1456 1457 1518 alius
1487 1456 1589 1516 alii
1618 1456 2094 1533 exprobranteS,
2148 1464 2207 1516 et
2234 1473 2339 1516 sa·

375 1541 726 1604 cerdotibus
758 1542 1037 1616 maxime,
1071 1541 1176 1616 qui
1207 1557 1367 1616 quos
1398 1541 1479 1600 ad
1508 1549 1764 1602 mortem
1787 1539 2203 1611 devovissent,
2228 1555 2336 1602 eo-

373 1643 506 1685 rum
537 1623 908 1684 deditionem
941 1623 1220 1684 vivorum
1259 1623 1427 1686 hosti
1468 1622 1789 1695 fecissent,
1832 1632 2085 1700 repente
2115 1641 2336 1686 omnes

375 1711 452 1768 ad
485 1708 738 1768 caedem
773 1708 1100 1782 coniugum
1141 1705 1599 1782 liberorumque
1642 1707 2086 1782 discurrerent,
2137 1724 2339 1785 seque

373 1791 494 1867 ipsi
527 1807 638 1866 per
666 1806 881 1851 omnes
913 1791 1043 1850 vias
1086 1789 1190 1850 leti
1230 1789 1657 1852 interficerent.
1752 1792 2215 1868 obstupefactus
2260 1809 2340 1852 eo

376 1881 582 1936 furore
622 1891 736 1934 rex
778 1873 1127 1950 suppressit
1167 1873 1463 1948 impetum
1503 1873 1785 1950 militum,
1839 1883 1900 1938 et
1947 1875 2212 1936 triduum
2268 1893 2344 1937 se

375 1959 456 2020 ad
483 1957 865 2019 moriendum
893 1957 1216 2037 Abydenis
1247 1958 1395 2021 dare
1426 1957 1596 2021 dixit.
1662 1977 1785 2037 quo
1810 1958 2011 2037 spatio
2040 1961 2220 2037 plura
2252 1962 2315 2021 fa

375 2042 587 2103 cinora
614 2041 674 2101 in
707 2060 777 2104 se
806 2042 952 2103 victi
993 2042 1345 2116 ediderunt,
1404 2061 1589 2119 quam
1629 2044 1836 2105 infesti
1876 2042 2219 2105 edidissent
2248 2044 2335 2104 vi·

373 2136 609 2198 ctores;
663 2143 809 2200 nec,
860 2126 981 2187 nisi
1022 2144 1206 2203 quem
1245 2126 1490 2189 vincula
1530 2137 1637 2189 aut
1662 2128 1781 2187 alia
1809 2128 2156 2190 necessitas
2182 2127 2335 2191 moxi

376 2210 712 2288 prohibuit,
765 2210 1094 2289 quisquam
1134 2212 1316 2273 vivus
1358 2211 1417 2273 in
1463 2219 1828 2287 potestatem
1858 2212 2039 2273 venit.
2110 2211 2337 2290 Philip-

375 2313 493 2373 pus
523 2296 813 2371 imposito
844 2297 1052 2375 Abydi
1083 2296 1393 2372 pracsidio
1424 2296 1486 2356 in
1514 2312 1768 2371 regnum
1796 2294 1994 2357 redii-t.
2064 2312 2203 2357 cum
2233 2314 2341 2358 ve-

374 2382 462 2440 lut
491 2378 746 2456 Sagunti
789 2380 1098 2442 excidium
1137 2378 1490 2453 Hannibali,
1543 2380 1634 2441 sic
1676 2379 1958 2457 Philippo
1998 2381 2343 2459 Abydeno-

372 2478 504 2521 rum
537 2464 747 2522 clades
777 2464 860 2523 ad
884 2464 1227 2525 Romanum
1257 2464 1483 2524 bellum
1523 2464 1761 2524 animos
1803 2463 2085 2539 fecisset,
2140 2463 2343 2526 nuntii

375 2554 774 2605 occurrerunt
823 2546 1139 2608 consulem
1187 2547 1307 2607 iam
1358 2548 1417 2607 in
1466 2548 1656 2623 Epiro
1721 2564 1897 2619 esse,
1970 2555 2031 2608 et
2080 2550 2345 2623 Apollo-

295 2690 300 2693 .
374 2628 536 2689 niam
563 2627 870 2691 terrestris
902 2628 1148 2706 copias,
1193 2630 1428 2691 navalis
1472 2630 1802 2709 Corcyram
1844 2632 1903 2691 in
1944 2630 2204 2693 hiberna
2234 2634 2341 2693 de-

375 2711 657 2773 duxisse.-

538 2796 692 2855 XIX.
737 2798 898 2856 Inter
939 2797 1092 2858 haec
1132 2798 1347 2873 legatis
1396 2800 1499 2876 qui
1543 2800 1601 2858 in
1642 2800 1915 2861 Africam
1956 2798 2131 2860 missi
2165 2808 2349 2862 erant

376 2878 453 2939 de
483 2879 824 2939 Hamilcare
854 2880 1064 2941 Gallici
1094 2883 1399 2943 exercitus
1431 2886 1605 2957 duce,
1638 2900 2006 2959 responsum
2030 2900 2067 2942 a
2090 2884 2345 2945 Cartha-

372 2964 750 3039 giniensibus
794 2970 889 3025 est
929 2964 1073 3023 nihil
1115 2968 1273 3027 ultra
1315 2982 1385 3027 se
1422 2968 1623 3027 facere
1656 2984 1876 3042 posse,
1919 2984 2105 3044 quam
2133 2975 2205 3028 ut
2234 2984 2347 3027 ex-

376 3049 510 3108 silio
555 3065 690 3109 eum
715 3050 1078 3125 multarent,
1122 3050 1287 3109 bona
1328 3051 1460 3113 eius
1492 3051 1886 3126 publicarent.
1955 3053 2251 3127 perfugas
2284 3060 2349 3113 et

375 3134 678 3207 fugitiVOS,
713 3149 870 3209 quos
893 3133 1258 3209 inquIrendo
1281 3136 1585 3211 vestigare
1614 3136 1934 3210 potuerint,
1964 3134 2343 3211 reddidisse,

373 3224 434 3275 et
461 3218 538 3275 de
580 3233 650 3276 ea
681 3234 749 3277 re
789 3219 1090 3279 missuros
1131 3220 1365 3293 legatos
1396 3220 1680 3292 Romam,
1728 3222 1831 3293 qui
1872 3220 2112 3279 senatui
2158 3220 2345 3280 satis-

375 3301 661 3360 facerent.
731 3303 994 3363 ducenta
1033 3304 1193 3363 milia
1234 3303 1503 3364 modium
1534 3302 1711 3363 tritici
1738 3305 2024 3374 Romam,
2071 3303 2347 3366 ducenta

375 3382 453 3441 ad
483 3383 814 3443 exercitum
845 3386 902 3443 in
933 3386 1353 3447 Macedoniam
1382 3388 1691 3447 miserunt.
1735 3387 1880 3448 inde
1908 3386 1969 3446 in
1990 3386 2349 3452 Numidiam

373 3466 450 3524 ad
483 3482 662 3540 reges
695 3469 950 3541 profecti
982 3470 1180 3542 legati.
1240 3471 1404 3529 dona
1433 3472 1576 3531 data
1600 3470 1983 3545 Masinissae,
2014 3472 2345 3543 mandata-
