2548 3950
558 177 791 241 LIBER
818 177 1141 238 xxxvm.
1188 177 1352 236 CAP.
1384 185 1583 242 assa.
1627 178 1700 256 [a.
1726 185 1789 238 c.
1817 183 1941 260 188]
2103 179 2228 243 353

258 338 389 404 est,
442 330 505 394 id
554 329 959 406 conquirendi
1008 329 1424 404 cognoscendi
1465 331 1910 408 repetendique
1948 332 2092 392 item
2131 333 2226 394 ius

257 421 418 475 esto.
477 412 531 474 si
562 415 721 489 quas
748 413 965 486 urbeS,
1000 428 1155 488 quas
1184 413 1341 472 tradi
1373 420 1642 488 oportet,
1671 415 1736 476 hi
1764 421 1972 476 tenent
1999 415 2226 490 quibus

258 497 607 558 Antiochus
640 496 825 570 dedit,
855 503 1017 557 etex
1038 497 1135 556 his
1157 497 1470 573 praesidia
1491 497 1798 571 deducito,
1827 497 2037 574 utique
2058 505 2228 560 recte

260 581 582 643 tradantur
622 588 854 645 curato.
912 579 1148 655 argenti
1183 579 1367 654 probi
1408 582 1632 640 talenta
1661 578 1860 640 Attica
1901 581 2230 642 duodecim

259 664 428 726 milia
446 664 591 726 dato
612 664 774 735 ‚intra
797 663 1121 725 duodecim
1146 679 1341 724 annos
1363 663 1768 738 pensionibus
1792 664 2009 740 aequis
2030 695 2118 710 —-
2137 672 2228 725 ta-

261 749 490 812 lentum
531 763 611 808 ne
650 746 851 808 minus
912 746 1122 822 pondo
1166 746 1474 820 octoginta
1511 747 1802 808 Romanis
1847 746 2227 822 ponderibus

257 831 493 906 pendat
510 863 629 904 -,
655 837 721 902 et,
745 830 921 891 tritici
954 831 1285 904 quingenta
1314 829 1718 906 quadraginta
1745 831 1908 890 milia
1938 831 2226 892 modium.

258 913 520 974 Eumeni
546 915 674 988 regi
696 915 923 974 talenta·
942 918 1217 972 trecenta
1244 913 1684 992 quinquaginta
1705 913 1862 974 intra
1887 914 2226 988 quinquen-

258 999 425 1061 nium
451 997 629 1068 dato,
660 1003 721 1058 et
742 1012 855 1072 pro
876 996 1197 1070 frumento,
1223 995 1392 1072 quod
1413 996 1834 1056 aestimatione
1858 997 1980 1069 fiat,
2004 999 2229 1060 talenta
2275 1059 2278 1062 ,

260 1087 509 1143 centum
536 1079 749 1154 viginti
778 1085 1034 1156 septem.
1106 1079 1359 1141 obsides
1388 1080 1678 1142 Romanis
1707 1079 1920 1156 viginti
1950 1078 2092 1140 dato
2109 1127 2124 1154 ,
2168 1089 2228 1141 et

260 1163 523 1224 triennio
576 1169 836 1235 mutate,
888 1179 968 1225 ne
1006 1164 1276 1224 minores
1320 1162 1606 1224 octonum
1647 1164 1869 1224 denum
1911 1179 2226 1238 annorum,

262 1261 387 1308 neu
408 1247 670 1307 maiores
690 1244 943 1320 quinum
966 1247 1446 1320 quadragenum.
1476 1247 1531 1308 si
1555 1246 1657 1322 qui
1681 1247 1989 1309 sociorum
2012 1247 2228 1322 populi

260 1329 523 1390 Romani
563 1329 721 1390 ultro
764 1328 991 1406 bellum
1028 1328 1290 1390 inferent
1328 1329 1666 1402 Antioch0,
1713 1330 1837 1389 vim
1873 1331 1932 1388 vi
1976 1331 2225 1390 arcendi

261 1413 361 1474 ius
391 1419 525 1472 esto
542 1458 557 1485 ,
590 1412 736 1472 dum
764 1427 843 1472 ne
872 1427 1059 1486 quam
1087 1412 1300 1472 urbem
1329 1417 1439 1472 aut
1464 1410 1607 1472 belli
1635 1412 1768 1472 iure
1795 1419 1999 1472 teneat
2028 1418 2134 1472 aut
2161 1411 2224 1472 in

262 1494 587 1554 amicitiam
628 1494 905 1570 accipiat.
966 1494 1420 1555 controversias
1451 1495 1608 1557 inter
1636 1511 1707 1556 se
1735 1495 1866 1554 iure
1894 1511 1968 1556 ac
1997 1493 2223 1558 iudicio

262 1577 627 1651 disceptent,
660 1584 767 1638 aut
792 1578 847 1637 si
877 1577 1157 1654 utrisque
1186 1577 1469 1652 placebit,
1499 1577 1726 1645 bello.“
1782 1579 1860 1638 de
1885 1573 2226 1639 Hannibale
2299 1653 2304 1660 ¹

258 1661 469 1721 Poeno
498 1667 559 1721 et
578 1662 799 1722 Aetolo
823 1661 1097 1723 Thoante
1127 1667 1189 1720 et
1205 1659 1588 1734 Mnasilocho
1612 1664 1935 1721 Acarnane
1966 1667 2028 1720 et
2049 1661 2222 1742 Chal·

262 1744 617 1804 citiensibus
642 1744 946 1804 Eubulida
988 1751 1047 1810 et
1072 1730 1327 1804 Philone
1369 1744 1667 1806 dedendis
1707 1744 1770 1803 in
1805 1743 1930 1805 hoc
1971 1735 2224 1820 quoque

256 1827 513 1887 foedere
552 1828 927 1903 adscriptum
968 1833 1094 1897 est;
1151 1833 1211 1888 et
1252 1833 1319 1888 ut
1355 1828 1410 1886 si
1442 1827 1588 1902 quid
1631 1835 1851 1901 postea
1883 1827 2030 1891 addi
2060 1827 2222 1888 demi

258 1909 555 1972 mutarive
568 1911 921 1986 placuisset,
936 1919 1004 1970 ut
1024 1871 1094 1970 id’
1102 1913 1278 1970 salvo
1301 1911 1552 1970 foedere
1573 1908 1768 1970 fieret.
1796 1909 2058 1970 XXXIX.
2075 1926 2218 1970 eon·

258 1998 354 2057 sul
394 1995 617 2055 iuravit
654 1995 715 2053 in
754 1994 875 2055 hoc
918 1994 1169 2054 foedus:
1226 1992 1306 2053 ab
1346 2008 1492 2069 rege
1537 1992 1641 2069 qui
1679 1993 1993 2070 exigerent
2032 1993 2219 2053 iusiu—

254 2078 535 2149 randum,
567 2077 827 2152 profecti
858 2076 925 2151 Q.
952 2074 1259 2138 Minucius
1288 2076 1584 2137 Thermus
1615 2084 1675 2136 et
1701 2076 1766 2135 L.
1796 2075 2080 2149 ManliuS,
2115 2075 2226 2151 qui.

255 2169 382 2222 tum
413 2162 567 2221 forte
606 2161 685 2222 ab
730 2158 1032 2221 Oroandis
1074 2158 1271 2220 rediit.
1337 2166 1396 2219 et
1439 2159 1504 2231 Q.
1536 2160 1725 2219 Fabio
1763 2159 2066 2232 Labeoni,
2113 2162 2217 2234 qui

258 2245 446 2305 classi
486 2251 799 2319 praeerat,
845 2242 1121 2317 scripsit,
1163 2248 1231 2303 ut
1256 2242 1471 2301 Patara
1513 2244 1818 2317 extemplo
1862 2242 2214 2317 proficisce-

255 2336 441 2403 retur,
474 2342 760 2403 quaeque
784 2326 866 2387 ibi
894 2341 1085 2386 naves
1112 2326 1320 2401 regiae
1349 2331 1576 2397 essent,
1609 2325 1958 2386 concideret
1987 2339 2216 2383 crema—

254 2420 489 2487 retque.
554 2412 867 2485 profectus
910 2409 987 2469 ab
1014 2408 1265 2483 Epheso
1311 2408 1752 2484 quinquaginta
1788 2414 1980 2469 tectas
2023 2424 2214 2468 naves

258 2500 363 2554 aut
389 2492 657 2555 concidit
690 2499 793 2552 aut
817 2492 1104 2552 incendit.
1170 2492 1549 2553 Telmessum
1579 2492 1794 2551 eadem
1823 2490 2217 2567 expeditione

257 2576 478 2636 territis
510 2576 713 2637 subito
742 2575 1010 2637 adventu
1038 2564 1258 2635 classis
1291 2575 1617 2672 oppidanis
1639 2573 1875 2650 recipit.
1921 2590 2002 2645 ex
2022 2574 2216 2653 Lycia

255 2660 537 2736 protinus
565 2657 755 2721 iussis
785 2659 861 2719 ab
890 2658 1142 2734 Epheso
1172 2658 1385 2733 sequi,
1418 2658 1522 2734 qui
1549 2657 1634 2720 ibi
1661 2659 1852 2720 relicti
1882 2665 2070 2730 erant,
2104 2672 2216 2732 per

254 2740 527 2807 insulas
512 2759 574 2803 in
600 2744 916 2803 Graeciam
938 2742 1188 2803 traiecit.
1219 2742 1478 2803 Athenis
1499 2757 1736 2818 paucos
1760 2748 2032 2802 moratus
2057 2741 2210 2813 dieS,

255 2828 399 2888 dum
420 2826 737 2888 Piraeeum
766 2827 843 2887 ab
863 2826 1115 2903 Epheso
1140 2842 1332 2887 naves
1357 2827 1648 2900 venirent,
1678 2832 1864 2887 totam
1887 2823 2031 2885 inde
2055 2826 2211 2884 clas-

258 2926 387 2971 sem
418 2910 481 2969 in
508 2911 739 2971 Italiam
766 2910 1029 2972 reduxit.

423 2993 529 3053 Cn.
550 2993 813 3053 Manlius
844 3009 981 3054 eum
1012 2994 1169 3054 inter
1191 3002 1396 3055 cetera
1419 3008 1579 3069 quae
1601 2991 1962 3065 accipienda
1983 2990 2060 3050 ab
2083 2990 2210 3049 An-

256 3074 459 3135 tiocho
488 3083 691 3149 erant,
722 3076 1081 3151 elephantos
1115 3092 1366 3152 quoque
1395 3074 1744 3151 accepisset
1769 3074 2060 3148 donoque
2087 3071 2210 3132 Eu-

254 3158 413 3219 meni
440 3158 639 3221 omnis
668 3159 959 3233 dedisset,
991 3176 1181 3222 causa
1209 3160 1432 3220 deinde
1461 3157 1785 3219 civitatium
1819 3157 2022 3219 multis
2054 3155 2210 3218 inter

254 3256 448 3303 novas
476 3256 581 3303 res
608 3242 865 3303 turbatis
894 3244 1197 3319 cognovit.
1243 3251 1305 3305 et
1325 3242 1681 3305 Ariarathes
1703 3256 1812 3301 rex
1837 3248 2010 3316 parte
2033 3238 2205 3298 dimi-

254 3325 354 3385 dia
395 3326 693 3399 pecuniae
735 3326 1068 3401 imperatae
1096 3326 1400 3387 beneficio
1425 3323 1749 3397 EumeniS,
1793 3324 1890 3384 cui
1934 3324 2205 3396 despon—

252 3409 424 3469 derat
444 3424 555 3484 per
576 3424 687 3470 eos
711 3408 843 3469 dies
868 3408 1071 3482 filiam,
1086 3410 1348 3471 remissa
1369 3410 1429 3467 in
1443 3408 1765 3469 amicitiam
1779 3412 2206 3482 estacceptus.

330 3510 384 3551 r.
412 3508 535 3552 mvi
565 3509 717 3553 rans
743 3494 851 3553 IV.
1723 3498 1792 3551 23
