2548 3950
315 243 440 306 120
550 241 782 305 LIBER
804 239 1065 300 XXXm.
1105 239 1269 298 cAP.
1295 245 1601 300 4e.44.45.
1647 242 1720 310 [a.
1744 241 1814 293 U.
1842 259 1889 292 c.
1912 242 2037 309 557]

315 396 377 454 P.
433 393 653 454 Manlio
710 392 772 452 in
826 391 1164 453 citeriorem
1220 388 1579 462 Hispaniam
1634 387 1948 459 decretus,
2004 393 2066 448 et
2113 388 2282 462 legio

319 480 563 550 eadem,
613 491 774 550 quae
822 476 1020 534 fuerat
1066 473 1183 532 sub
1235 472 1302 544 Q.
1344 470 1609 531 Minucio
1651 478 1965 545 praetore,
2009 470 2169 531 data.
2215 480 2286 532 et

315 562 375 618 P.
429 558 644 620 Porcio
692 557 933 619 Laecae
983 557 1062 616 ad
1106 555 1407 615 Etruriam
1457 555 1621 614 circa
1671 553 1845 615 Pisas
1902 554 2116 614 decem
2164 557 2281 615 mi-

321 648 395 702 lia
427 646 697 718 peditum
732 649 801 702 ‘et
828 640 1138 716 quingenti
1178 639 1417 714 equites
1450 648 1538 698 ‘ex
1573 636 1811 699 'Gallico
1856 637 2279 698 exercitude-

321 728 487 786 creti.
557 728 616 785 in
658 723 943 785 Sardinia
991 730 1387 798 prorogatum
1433 721 1753 796 imperium
1801 722 1866 781 T.
1909 719 2283 796 Sempronio

317 812 549 884 Longo.

479 893 686 954 XLIV.
731 889 1070 952 Provinciis
1097 891 1182 951 ita
1211 889 1564 963 distributis
1592 891 1885 969 eonsules
1905 890 2281 964 priusquam

323 980 395 1036 ab
427 980 578 1036 urbe
623 974 1191 1053 proficiscerentur,
1235 989 1347 1033 ver
1388 988 1631 1032 sacrum
1675 987 1751 1031 ex
1796 973 2042 1033 decreto
2077 973 2281 1048 ponti·

321 1064 503 1120 ficum
543 1062 696 1121 iussi
739 1062 975 1133 facere,
1019 1057 1186 1132 quod
1212 1057 1291 1116 A.
1311 1056 1638 1116 ’Cornelius
1666 1055 1993 1116 Mammula
2027 1064 2285 1132 praetor

325 1154 573 1204 voverat
600 1145 678 1203 de
708 1149 959 1202 senatus
992 1139 1291 1201 sententia
1320 1140 1657 1215 populique
1686 1140 1861 1199 iussu
1886 1138 1990 1199 Cn.
2013 1140 2283 1200 Servilio

325 1228 383 1284 C.
413 1227 704 1288 Flaminio
748 1224 1122 1286 consulibus.
1195 1223 1371 1283 annis
1400 1229 1547 1298 post
1563 1237 1696 1283 uno
1723 1230 1786 1283 et
1809 1223 2024 1297 *viginti
2052 1225 2280 1284 factum

323 1320 415 1368 est
451 1327 629 1384 quam
664 1317 889 1371 votum.
959 1318 1072 1382 per
1098 1308 1355 1368 eosdem
1386 1307 1519 1367 dies
1548 1307 1611 1366 C.
1645 1305 1934 1367 Claudius
1961 1309 2081 1382 Ap.
2112 1306 2279 1368 filius

321 1396 578 1452 Pulcher
606 1409 800 1468 augur
829 1393 888 1451 in
921 1390 987 1464 Q.
1011 1391 1181 1451 Fabii
1209 1389 1463 1450 Maximi
1488 1391 1708 1461 locum,
1742 1389 1848 1466 qui
1874 1391 2083 1465 priore
2111 1407 2280 1451 anno

323 1487 595 1536 mortuus
625 1485 769 1548 erat,
802 1477 998 1535 lectus
1026 1475 1549 1550 inauguratusque
1576 1481 1690 1533 est.

489 1560 843 1620 Mirantibus
876 1560 994 1618 iam
1019 1560 1204 1632 vulgo
1228 1558 1595 1629 hominibuS,
1630 1558 1800 1632 quod
1821 1572 1959 1618 cum
1978 1556 2283 1632 Hispania

323 1644 617 1702 movisset
641 1643 866 1702 bellum
897 1643 1306 1716 neglegerent,
1326 1644 1566 1702 'litterae
1597 1656 1634 1698 a
1658 1640 1722 1714 Q.
1746 1639 2013 1701 Minucio
2038 1643 2284 1702 adlatae

323 1736 463 1786 sunt
493 1742 559 1784 se
588 1726 669 1785 ad
693 1725 956 1785 Turbam
985 1724 1282 1800 oppidum
1297 1739 1447 1784 ¹cum
1475 1725 1719 1785 Budare
1744 1732 1809 1785 et
1828 1724 2138 1784 ‘Besadine
2166 1725 2281 1786 im-

321 1807 705 1886 peratoribus
735 1806 1061 1882 Hispania
1104 1806 1299 1882 signis
1330 1810 1566 1869 collatis
1599 1822 1900 1885 prospere
1926 1821 2282 1884 pugnasse;

323 1893 646 1954 duodecim
691 1891 862 1952 milia
910 1890 1174 1951 hostium
1227 1907 1441 1965 caesa,
1492 1893 1799 1954 Budarem
1835 1893 2281 1967 imperatorem

325 1988 582 2050 captum,
614 1985 852 2037 ceteros
881 1978 1058 2037 fusos
1089 1977 1476 2051 fugatosque.
1515 1974 1610 2035 his
1641 1977 1851 2036 litteris
1880 1977 2052 2037 lectis
2076 1978 2283 2038 minus

319 2060 571 2121 terroris
614 2060 690 2120 ab
716 2059 1009 2136 Hispanis
1053 2067 1211 2131 erat,
1250 2061 1420 2119 unde
1451 2061 1669 2135 ingens
1696 2060 1924 2121 bellum
1949 2069 2279 2136 exspecta-

321 2157 443 2205 tum
491 2147 700 2204 fuerat.
759 2158 973 2206 omnes
1016 2158 1229 2214 curae,
1269 2143 1488 2219 utique
1526 2154 1671 2218 post
1704 2144 2282 2205 adventumdecem

321 2233 688 2303 legatorum,
733 2228 794 2287 in
823 2228 1192 2289 Antiochum
1214 2239 1431 2302 regem
1459 2241 1819 2287 conversae.
1876 2228 1941 2287 hi
1977 2228 2282 2303 expositis

321 2317 491 2387 prius
539 2329 696 2389 quae
739 2328 876 2373 cum
915 2311 1199 2386 Philippo
1241 2318 1380 2371 acta
1413 2319 1633 2372 ‘essent
1672 2318 1733 2371 et
1774 2312 1995 2385 quibus
2035 2312 2279 2385 legibus

323 2401 461 2455 data
507 2412 656 2471 pax,
704 2411 827 2456 non
857 2395 1160 2454 minorem
1188 2394 1332 2453 belli
1353 2396 1581 2454 molem
1609 2396 1839 2455 instare
1866 2395 1942 2455 ab
1972 2395 2282 2455 Antiocho

323 2483 672 2539 docuerunt.
738 2478 969 2551 ingenti
1019 2479 1251 2549 classe,
1304 2479 1553 2553 egregio
1593 2478 1863 2539 terrestri
1903 2478 2281 2540 exercituin

319 2565 625 2635 Europam
654 2575 793 2619 eum
821 2560 1166 2633 traiecisse,
1210 2568 1270 2620 et
1296 2559 1417 2621 nisi
1445 2560 1769 2622 avertisset
1796 2577 1956 2622 vana
1980 2577 2160 2637 spes,
2191 2578 2281 2623 ex

323 2649 572 2703 vaniore
591 2658 837 2703 rumore
861 2651 1010 2716 orta,
1027 2641 1300 2722 Aegypti
1311 2644 1722 2719 invadendae,
1742 2661 1890 2705 mox
1911 2646 2073 2707 bello
2093 2646 2281 2705 Grae-

323 2729 473 2785 ciam
501 2742 772 2787 arsuram
795 2725 1010 2787 ruisse.
1043 2743 1244 2801 neque
1264 2728 1429 2787 enim
1450 2744 1531 2788 ne
1550 2730 1807 2789 Aetolos
1833 2730 2080 2804 quidem
2102 2728 2282 2803 quie·

321 2821 511 2883 tur05,
529 2827 664 2869 cum
686 2809 932 2884 ingenio
957 2810 1289 2887 inquietam
1312 2817 1439 2872 tum
1458 2812 1672 2873 iratam
1688 2813 1986 2873 Romanis
2011 2819 2283 2887 gentem.

321 2895 574 2953 haerere
612 2901 684 2955 ἐι
718 2894 907 2955 aliud·
935 2894 997 2954 in
1038 2895 1381 2956 visceribus
1427 2896 1721 2956 Graeciae
1769 2897 1986 2971 ingens
2027 2896 2280 2972 malum,

321 2979 533 3037 Nabim
563 2993 722 3037 nunc
744 2977 1403 3053 macedaemoniorum,
1432 2995 1609 3054 mox,
1640 2977 1696 3039 si
1722 2980 1919 3049 liceat,
1950 2980 2283 3040 universae

325 3061 615 3121 Graeciae
641 3063 906 3123 sutumm
938 3069 1284 3139 tyrannum,
1322 3064 1575 3122 avaritia
1603 3062 2282 3124 anm-udelimteomnis

321 3149 479 3203 fama
519 3146 858 3206 celebratos
892 3154 1191 3223 tyrannos
1222 3153 1603 3221 aequantem.
1659 3148 1765 3207 cui
1794 3146 1849 3207 si
1878 3149 2082 3223 Argos
2110 3146 2283 3207 velut

321 3245 519 3287 arcem
543 3228 972 3304 Peloponneso
1002 3228 1351 3304 impositam
1380 3236 1589 3290 tenere
1614 3229 1813 3305 liceat,
1838 3228 2184 3305 deportatis
2200 3228 2280 3291 in

317 3311 547 3369 Italiam
573 3310 868 3371 Romanis
910 3311 1279 3372 exercitibus
1322 3312 1694 3388 nequiquam
1731 3311 2045 3375 liberatam
2063 3330 2112 3374 a
2135 3310 2279 3372 Phi-

319 3395 487 3465 lippo
521 3394 835 3453 Graeciam
865 3394 1026 3467 sore,
1069 3410 1185 3470 pro
1212 3410 1393 3470 rege,
1437 3397 1491 3456 si
1519 3396 1669 3457 nihil
1696 3397 1892 3470 aliud,
1936 3396 2282 3472 longinquo

317 3477 580 3534 vicinum
611 3481 937 3553 tyrannum
964 3477 1280 3537 dominum
1300 3478 1664 3541 habituram.
1729 3480 1909 3540 XLV.
1952 3479 2109 3540 haec
2135 3494 2283 3541 cum
