2548 3950
514 157 744 218 LIBER
765 157 1085 216 xxxvlll.
1132 157 1294 218 CAP.
1321 167 1406 220 22.
1431 166 1518 220 23.
1559 165 1632 232 [a.
1658 165 1722 216 C.
1749 165 1870 232 189]
2042 159 2170 220 339

205 325 321 385 per
348 308 614 369 tumulos
656 307 825 380 teliS,
865 313 933 367 ut
970 307 1225 368 missilia
1256 308 1638 382 sufficerent,
1684 309 1849 370 haud
1883 326 2075 384 segne
2103 311 2166 372 id

204 393 409 470 ipsum
451 397 693 466 tempus
739 397 1225 466 consumpserat.
1292 391 1410 451 iam
1452 393 1668 454 castriS
1705 393 2166 470 appropinqua-

203 478 382 546 bant3
428 481 491 534 et
518 474 697 547 Galli,
742 491 821 534 ne
850 490 1064 550 parum
1093 491 1165 536 se
1193 475 1564 536 munimenta
1593 493 1709 538 sua
1737 485 2038 552 tegerent,
2070 493 2164 538 ar-

200 559 347 619 mati
390 575 501 634 pro
539 558 698 619 vallo
732 559 1145 620 constiterant.
1218 559 1419 621 obruti
1462 559 1685 621 deinde
1728 563 1892 621 omni
1941 576 2168 636 genere

200 645 478 716 telorum,
511 656 649 703 cum
680 659 801 717 quo
832 643 1042 718 plures
1074 651 1257 717 atque
1289 643 1610 704 densiores
1643 650 1830 718 erant,
1867 660 1942 704 eo
1965 646 2166 705 minus

201 727 345 787 vani
396 727 726 802 quicquam
776 725 1165 788 intercideret
1211 728 1344 799 teli,
1399 727 1556 788 intra
1594 729 1818 788 vallum
1859 734 2164 791 momento

202 808 499 888 temporis
530 811 978 885 compelluntur
1004 810 1368 872 stationibus
1395 816 1626 872 tantum
1657 811 1848 872 firmis
1877 814 1958 872 ad
1987 813 2164 888 ipsos

198 895 403 955 aditus
448 900 757 970 portarum
795 895 1041 954 relictis.
1109 895 1167 954 in
1208 894 1648 955 multitudinem
1690 897 2076 970 compulsam
2103 895 2165 957 in

201 979 407 1040 castra
444 978 541 1039 vis
572 978 787 1053 ingens
816 977 1135 1038 missilium
1162 980 1420 1058 telorum
1453 977 1900 1051 coniciebatur3
1945 985 2006 1039 et
2032 981 2160 1040 vul-

198 1063 402 1124 nerari
446 1063 669 1123 multos
716 1064 945 1125 clamor
986 1061 1324 1137 permixtus
1369 1063 1685 1124 mulierum
1727 1069 1911 1138 atque
1943 1079 2162 1138 puero-

197 1164 338 1206 rum
368 1145 705 1221 ploratibus
737 1146 1138 1221 significabat.
1183 1147 1244 1208 in
1269 1162 1400 1220 eoS,
1435 1145 1537 1221 qui
1565 1155 1774 1222 portas
1799 1147 2162 1208 stationibus

200 1231 336 1290 suis
388 1229 761 1303 clauserant,
814 1229 1120 1304 legionum
1160 1226 1544 1304 antesignani
1587 1231 1711 1306 pila
1751 1229 2164 1292 coniecerunt.

198 1315 277 1374 iis
302 1329 449 1374 vero
465 1327 587 1372 non
600 1313 1091 1387 vulnerabantur,
1106 1313 1219 1373 sed
1241 1314 1750 1374 transverberatis
1773 1314 1966 1375 scutis
1982 1313 2164 1390 pleri-

200 1414 327 1475 que
354 1398 511 1458 inter
540 1413 611 1456 se
639 1395 907 1457 conserti
927 1395 1289 1466 haerebant3
1332 1410 1448 1456 nec
1478 1396 1702 1458 diutius
1729 1397 2019 1473 impetum
2041 1397 2163 1457 Ro—

199 1496 526 1542 manorum
581 1479 1017 1540 sustinuerunt.
1081 1477 1290 1538 XXIII.
1335 1480 1710 1554 patentibus
1767 1480 1887 1540 iam
1945 1479 2158 1555 portis,

200 1565 565 1665 priusquam
594 1564 996 1638 irrumperent
1022 1562 1318 1638 victores,
1363 1564 1508 1637 fuga
1537 1580 1572 1624 e
1603 1563 1820 1626 castris
1855 1565 2162 1628 Gallorum

201 1649 265 1709 in
298 1648 497 1710 omnis
530 1654 735 1723 partes
767 1648 929 1708 facta
954 1653 1066 1708 est.
1108 1653 1293 1708 ruunt
1323 1647 1492 1708 caeci
1523 1663 1634 1723 per
1661 1647 1815 1723 vias,
1845 1663 1958 1724 pel
1978 1648 2162 1722 invia,

203 1733 371 1793 nulla
399 1731 753 1807 praecipitia
782 1747 965 1803 saxa,
998 1731 1202 1790 nullae
1229 1746 1420 1806 rupes
1453 1731 1712 1807 obstant,
1742 1695 1889 1792 ni'hil
1919 1738 2164 1807 praeter

201 1816 441 1876 hostem
468 1821 757 1876 metuunt.
833 1815 1040 1892 itaque
1069 1811 1349 1891 plerique
1382 1811 1749 1891 praecipites
1784 1831 1895 1892 per
1924 1822 2160 1878 vastam

201 1899 577 1960 altitudinem
626 1898 903 1975 prolapsi
949 1905 1054 1960 aut
1101 1899 1392 1959 debilitati
1435 1899 1873 1959 exanimantur.
1942 1901 2159 1960 consul

200 1982 395 2081 captis
440 1984 657 2044 castris
698 1980 1037 2058 direptione
1068 1982 1422 2059 praedaque
1451 1982 1716 2044 abstinet
1739 1982 2015 2043 militem.
2061 1998 2161 2043 se-

202 2068 306 2143 qui
348 2082 461 2143 pro
506 2081 577 2128 se
620 2060 926 2141 quemque
966 2072 1029 2125 et
1053 2066 1280 2125 instare
1310 2072 1370 2125 et
1398 2066 1697 2141 perculsis
1729 2080 2020 2141 pavorem
2051 2066 2159 2125 ad-

201 2153 350 2211 dere
378 2150 561 2211 iubet.
632 2150 988 2225 supervenit
1016 2155 1075 2208 et
1102 2150 1356 2209 alterum
1387 2165 1520 2210 cum
1550 2151 1616 2209 L.
1648 2150 1874 2209 Manlio
1905 2165 2157 2225 agmen,

198 2250 315 2294 nec
356 2251 467 2296 eos
510 2242 713 2295 castra
747 2234 971 2294 intrare
1014 2232 1184 2303 sinit,
1239 2232 1522 2307 protinus
1565 2233 1648 2293 ad
1689 2232 2160 2308 persequendos

198 2318 397 2379 hostis
426 2318 614 2378 mittit.
666 2316 887 2392 etipse
918 2316 1099 2391 paulo
1131 2323 1273 2391 post
1300 2316 1519 2376 tradita
1545 2318 1925 2391 captivorum
1955 2320 2158 2376 custo-

200 2401 303 2461 dia
328 2400 583 2462 tribunis
613 2400 863 2461 militum
894 2397 1199 2475 sequitur,
1244 2399 1612 2460 debellatum
1639 2404 1841 2473 ratuS,
1873 2399 1926 2459 si
1962 2399 2024 2458 in
2053 2395 2159 2459 illo

202 2500 433 2559 pavore
463 2498 645 2558 quarn
677 2482 914 2559 plurimi
944 2483 1110 2543 caesi
1138 2484 1341 2543 forent
1367 2490 1474 2544 aut
1501 2483 1682 2559 capti.
1728 2498 1983 2557 egresso
2012 2496 2156 2543 con·

201 2566 334 2627 sule
366 2566 427 2627 C.
457 2566 708 2627 Helvius
739 2580 875 2626 curn
904 2566 1079 2627 tertio
1110 2566 1351 2641 agmine
1382 2565 1655 2641 advenit,
1700 2581 1816 2626 nec
1846 2566 2160 2626 continere

202 2666 351 2711 suos
388 2650 465 2711 ab
508 2650 851 2727 direptione
872 2656 1229 2719 ,castrorum
1268 2650 1488 2721 valuit;
1545 2650 1904 2726 praedaque
1945 2664 2162 2710 eorum

200 2734 586 2811 iniquissima
613 2740 798 2809 sorte,
830 2734 933 2811 qui
964 2749 1209 2810 pugnae
1237 2749 1360 2794 non
1392 2734 1815 2808 interfuerant,
1853 2735 2014 2795 facta
2042 2739 2158 2795 est.

200 2818 437 2894 equites
468 2819 573 2905 diu
594 2816 787 2894 ignari
814 2824 875 2879 et
895 2833 1137 2895 pugnae
1158 2823 1219 2879 et
1238 2818 1528 2880 victoriae
1551 2834 1804 2881 suorum
1827 2823 2162 2889 steterunt;

202 2902 421 2962 deinde
461 2908 523 2963 et
548 2902 697 2978 ipsi,
743 2909 1033 2977 quantum
1074 2901 1252 2977 equis
1298 2902 1506 2965 subire
1546 2906 1854 2978 poterant,
1898 2916 2157 2975 sparsos

204 2986 345 3059 fuga
376 2984 581 3046 Gallos
623 2985 786 3045 circa
822 2985 1065 3045 radices
1105 2986 1330 3045 montis
1373 2986 1710 3045 consectati
1741 2984 2023 3043 cecidere
2053 2990 2162 3043 aut

204 3082 441 3143 cepere.
512 3083 801 3127 numerus
852 3067 1304 3127 interfectorum
1343 3066 1510 3127 haud
1551 3066 1728 3126 facile
1768 3065 1903 3125 iniri
1943 3065 2157 3141 potuit,

204 3150 345 3227 quia
371 3154 493 3212 late
522 3166 633 3227 per
661 3150 856 3211 omnis
888 3143 1211 3211 amfractus
1239 3148 1532 3209 montium
1558 3150 1826 3224 fugaque
1849 3154 1910 3209 et
1931 3149 2158 3209 caedes

204 3233 340 3303 fuit3
382 3242 442 3296 ct
468 3250 689 3311 magna
719 3250 863 3309 pars
890 3232 1147 3308 rupibus
1170 3231 1350 3293 inviis
1373 3234 1434 3292 in
1459 3232 1801 3308 profundae
1823 3230 2156 3292 altitudinis

204 3318 511 3381 convalles
554 3319 812 3394 delapsa
840 3324 962 3392 est,
1006 3332 1153 3391 pars
1184 3316 1245 3375 in
1277 3317 1450 3377 silvis
1479 3315 1900 3392 vepribusque
1927 3315 2152 3377 occisa.

203 3402 513 3479 Claudius,
545 3402 652 3477 qui
679 3401 777 3462 bis
806 3405 1137 3477 pugnatum
1166 3400 1226 3460 in
1260 3399 1522 3477 olympo
1553 3406 1759 3461 monte
1790 3398 2028 3472 scribit,
2075 3396 2155 3457 ad

1635 3487 1747 3543 22*
