2548 3950
508 258 737 317 LIBER
764 258 1060 317 xxxvn.
1104 258 1270 319 CAP.
1301 268 1390 320 52.
1413 268 1502 321 53.
1547 266 1619 333 [a.
1645 266 1710 324 c.
1738 269 1860 334 189]
2043 248 2166 325 307

214 407 469 487 pensius
501 405 1019 484 cumulatiusque,
1064 409 1115 469 si
1147 426 1269 485 quo
1301 407 1529 484 possit,
1572 417 1756 485 prout
1797 411 1926 471 eius
1953 412 2169 474 merita

212 495 362 567 sint,
406 499 685 553 senatum
714 492 1043 551 facturum
1087 488 1164 551 ad
1196 507 1271 551 ea
1298 508 1440 562 rex,
1493 494 1545 553 si
1575 493 1652 553 ab
1681 494 1814 552 aliis
1843 492 1961 554 sibi
1991 512 2167 571 prae-

212 578 470 638 miorum
513 576 679 651 optio
723 575 1086 650 deferretur,
1137 576 1423 651 libenter,
1475 576 1617 637 data
1656 578 1841 639 modo
1883 578 2169 641 facultate

216 660 576 721 consulendi
606 664 883 719 senatum
912 659 1284 733 Romanum,
1329 659 1587 720 consilio
1617 659 1977 735 amplissimi
2007 664 2168 723 ordi·

212 745 310 803 nis
338 758 593 804 usurum
636 742 860 815 fuisse,
902 758 981 801 ne
1023 742 1171 817 quid
1212 750 1316 803 aut
1353 742 1748 805 immoderate
1790 744 2041 819 cupisse
2068 750 2172 805 aut

213 828 448 903 petisse
487 842 705 902 parum
745 826 1025 886 modeste
1064 826 1258 886 videri
1303 835 1549 901 posset:
1608 842 1820 890 verum
1861 827 2170 889 enimvero

213 926 355 971 cum
382 911 501 986 ipsi
532 909 727 971 daturi
759 910 909 985 sint,
939 908 1127 970 multo
1158 910 1352 985 magis
1374 908 1846 971 munificentiam
1871 926 2079 972 eorum
2110 912 2171 971 in

213 1011 286 1055 se
312 996 657 1069 fratresque
690 1010 841 1053 suos
872 991 1146 1068 ipsorum
1178 993 1404 1053 arbitrii
1433 994 1661 1055 debere
1681 1010 1845 1055 esse.
1889 994 2036 1054 nihil
2056 994 2174 1055 hac

212 1077 489 1140 oratione
518 1078 650 1138 eius
682 1086 887 1153 patres
922 1076 1251 1153 conscripti
1283 1074 1548 1139 deterriti
1590 1086 1760 1153 sunt,
1805 1094 1930 1153 quo
1970 1079 2172 1143 minus

212 1164 423 1223 dicere
448 1162 651 1237 ipsum
678 1162 977 1221 iuberent.
1031 1166 1092 1221 et
1119 1178 1255 1222 cum
1285 1162 1659 1236 aliquamdiu
1683 1162 1828 1222 hinc
1857 1162 2173 1239 indulgen·

211 1249 299 1307 tia
330 1246 478 1305 ⁴hinc
519 1244 820 1305 modestia
858 1245 1017 1311 inter
1058 1245 1456 1320 permittentis
1495 1248 1554 1303 in
1586 1246 1782 1307 vicem
1825 1262 1948 1307 non
1977 1246 2174 1323 magis

211 1336 423 1390 mutua
452 1344 632 1404 quam
660 1326 1074 1403 inexplicabili
1103 1328 1388 1389 facilitate
1413 1334 1706 1389 certatum
1729 1337 1926 1404 esset,
1953 1328 2168 1391 Eume·

212 1428 327 1474 nes
370 1426 449 1473 ex
486 1412 716 1487 templo
756 1410 1046 1471 excessit.
1110 1417 1362 1471 senatus
1393 1410 1454 1469 in
1486 1412 1700 1471 eadem
1730 1419 2005 1486 perstare
2035 1428 2173 1472 sen-

221 1496 430 1570 sentia,
470 1501 540 1555 ut
582 1494 916 1554 absurdum
958 1509 1103 1554 esse
1143 1494 1375 1554 diceret
1413 1493 1696 1569 ignorare
1736 1510 1974 1570 regem,
2028 1494 2175 1570 quid

214 1594 480 1655 sperans
511 1584 615 1638 aut
642 1582 858 1652 petens
880 1577 1133 1637 venerit.
1180 1593 1339 1655 quae
1361 1577 1823 1639 accommodata
1843 1578 2033 1653 regno
2057 1587 2167 1645 sut

216 1665 369 1737 sint,
411 1662 615 1736 ipsum
656 1659 884 1734 optime
926 1660 1117 1730 scire3
1160 1661 1374 1722 Asiam
1403 1662 1586 1737 longe
1614 1661 1833 1721 melius
1866 1678 2047 1738 quam
2078 1678 2174 1723 se·

216 1754 423 1807 natum
447 1758 655 1803 nosse.
698 1743 1113 1804 revocandum
1136 1745 1318 1821 igitur
1338 1754 1400 1807 et
1420 1746 1779 1821 cogendum,
1814 1762 1972 1820 quae
1993 1746 2178 1807 vellet

219 1838 506 1906 quaeque
536 1828 815 1903 sentiret,
858 1843 1240 1904 expromere.
1307 1829 1455 1889 LIII.
1500 1830 1794 1890 reductus
1828 1846 1866 1889 a
1894 1835 2177 1904 praetore

210 1912 278 1974 in
304 1913 595 1989 templum
621 1926 735 1972 rex
774 1918 834 1972 et
874 1913 1079 1973 dicere
1119 1912 1329 1975 iussus
1371 1918 1954 1990 ,gperseverassem“
1982 1912 2180 1989 inquit

216 2004 492 2075 „tacere,
544 2005 751 2071 patres
801 1998 1161 2072 conscripti,
1215 1998 1335 2059 nisi
1383 1995 1763 2058 Rhodiorum
1813 1996 2178 2070 legationem

214 2097 363 2143 mox
392 2084 724 2142 vocaturos
752 2097 869 2141 vos
900 2080 1153 2154 scirem,
1184 2089 1245 2141 et
1268 2081 1391 2140 illis
1421 2079 1644 2141 auditis
1665 2077 1812 2139 mihi
1839 2079 2174 2141 necessita-

213 2174 337 2228 tem
364 2165 498 2226 fore
528 2162 791 2226 dicendi.
858 2177 1017 2239 quae
1059 2164 1307 2240 quidem
1347 2179 1422 2226 eo
1463 2163 1770 2224 difficilior
1811 2163 2003 2224 oratio
2047 2164 2175 2238 erit,

218 2248 386 2325 quod
415 2263 491 2308 ea
517 2249 827 2322 postulata
856 2261 1068 2307 eorum
1096 2247 1300 2308 futura
1326 2254 1498 2321 sunt,
1541 2256 1608 2308 ut
1648 2263 1772 2307 non
1804 2249 2002 2307 solum
2029 2246 2178 2306 nihil

216 2332 387 2409 quod
416 2339 629 2392 contra
655 2346 754 2389 me
784 2333 891 2402 sit,
925 2331 1035 2390 sed
1059 2347 1137 2391 ne
1163 2329 1331 2406 quod
1353 2329 1474 2392 ad
1455 2345 1630 2428 ipsos
1655 2329 1901 2406 quidem
1925 2317 2177 2406 proprie

214 2416 543 2492 pertineat,
576 2421 787 2488 petere
812 2413 1147 2474 videantur.
1192 2420 1374 2489 agent
1394 2414 1554 2474 enim
1577 2428 1827 2475 causam
1851 2413 2180 2490 civitatium

218 2501 619 2570 Graecarum,
665 2501 725 2556 et
750 2497 991 2557 liberari
1025 2511 1131 2557 eas
1163 2497 1368 2559 dicent
1396 2498 1643 2559 debere.
1702 2513 1826 2573 quo
1853 2484 2176 2573 impetrato

214 2583 315 2644 cui
339 2581 590 2642 dubium
612 2587 723 2653 est,
756 2579 900 2656 quin
929 2587 988 2640 et
1009 2595 1046 2638 a
1068 2579 1247 2641 nobis
1272 2581 1549 2642 aversuri
1571 2581 1695 2643 sint
1713 2597 1837 2642 non
1861 2597 1970 2641 eas
1991 2581 2178 2642 modo

216 2665 492 2728 civitates
523 2678 681 2739 quae
710 2663 1151 2738 liberabuntur,
1194 2664 1308 2724 sed
1352 2665 1529 2726 etiam
1569 2671 1813 2728 veteres
1843 2663 2176 2742 stipendia-

213 2752 342 2810 rias
389 2755 668 2816 nostras;
714 2747 829 2808 sibi
871 2757 1068 2809 autem
1110 2755 1278 2809 tanto
1322 2749 1626 2824 obligatos
1655 2747 1958 2811 beneficio
1985 2749 2177 2810 verbo

217 2833 458 2901 socios,
509 2847 578 2892 re
613 2847 762 2891 vera
814 2833 1128 2894 subiectos
1168 2831 1427 2908 imperio
1470 2841 1530 2894 et
1569 2835 1875 2896 obnoxios
1916 2833 2180 2894 habituri

217 2918 380 2978 sint?
422 2923 481 2977 et
522 2917 575 2977 si
616 2915 711 2989 dis
754 2917 986 2992 placet,
1032 2933 1168 2978 cum
1206 2915 1552 2980 has‘tantas
1585 2935 1738 2994 opes
1769 2917 2176 2991 adfectabunt,

216 2999 688 3060 dissimulabunt
717 3001 841 3060 ulla
869 3007 1044 3073 parte
1069 3001 1135 3060 id
1162 3001 1242 3061 ad
1270 3017 1342 3062 se
1372 3003 1709 3075 pertinere=
1751 3016 1867 3060 vos
1898 3000 2082 3059 modo
2115 2998 2177 3059 id

217 3085 440 3144 decere
472 3087 534 3142 et
563 3081 935 3141 conveniens
968 3097 1112 3142 esse
1134 3090 1273 3142 ante
1303 3083 1478 3143 factis
1503 3083 1724 3144 dicent.
1767 3081 1926 3141 haec
1957 3097 2070 3142 vos
2101 3097 2178 3140 ne

217 3165 487 3240 decipiat
513 3164 739 3238 oratio,
770 3163 1221 3239 providendum
1248 3162 1430 3226 vobis
1462 3166 1604 3238 erit,
1635 3179 1793 3227 neve
1821 3181 1944 3226 non
1975 3166 2176 3227 solum

216 3246 618 3324 inaequaliter
666 3247 821 3307 alios
869 3247 1117 3308 nimium
1167 3248 1521 3324 deprimatis
1572 3265 1651 3308 ex
1701 3249 1891 3310 sociis
1934 3247 2176 3322 vestriS,

214 3332 371 3394 alios
414 3335 655 3406 praeter
681 3331 927 3392 modum
971 3332 1307 3406 extollatis,
1351 3334 1466 3394 sed
1506 3331 1685 3394 etiam
1715 3348 1794 3393 ne
1827 3331 1930 3408 qui
1960 3331 2176 3394 adver-

216 3431 326 3477 sus
368 3429 483 3476 vos
523 3429 691 3474 arma
730 3415 1001 3490 tulerint,
1051 3413 1115 3475 in
1153 3417 1404 3477 meliore
1443 3424 1607 3478 statu
1647 3417 1770 3477 sint
1798 3429 1980 3492 quam
2023 3414 2174 3477 socii

212 3489 319 3560 aut
340 3497 515 3560 amici
534 3496 740 3558 vestri.
783 3499 952 3575 quod
973 3499 1051 3560 ad
1074 3514 1171 3560 me
1195 3499 1420 3575 attinet,
1452 3501 1509 3560 in
1535 3499 1669 3561 aliis
1690 3501 1878 3562 rebus
1905 3497 2176 3562 cessisse

1639 3585 1754 3645 20*
