2548 3950
585 276 816 338 LIBER
843 277 1080 338 XXXII.
1123 277 1291 338 CAP.
1321 287 1376 342 8.
1398 285 1450 342 9.
1497 286 1568 354 [a.
1595 286 1659 344 C.
1686 287 1809 353 198]
2092 283 2175 348 5³

212 428 446 492 auxilia
487 443 607 490 nec
646 429 822 504 ipsos
861 427 1166 490 missuros
1207 431 1413 492 Attalo
1455 430 1758 492 adversus
1784 432 2171 513 Antiochum,

204 517 446 580 socium
473 519 536 575 et
555 513 815 574 amicum
840 513 1054 588 populi
1071 513 1352 589 Romani,
1383 527 1500 574 nec
1518 514 1705 576 Attali
1727 517 1955 578 auxilia
1972 526 2169 580 reten-

205 607 378 664 turos
399 599 562 660 ultra
581 615 762 675 quam
775 597 908 672 regi
936 595 1328 659 commodum
1354 603 1540 660 esset.
1599 613 1847 676 semper
1873 604 2171 678 populum

205 687 548 747 Romanum
590 679 810 744 alienis
843 681 1034 744 rebus
1078 678 1333 744 arbitrio
1372 680 1571 744 alieno
1601 699 1815 744 usum=
1856 691 1919 746 et
1946 686 2167 762 prinei-

201 768 373 844 pium
402 774 466 830 et
487 766 672 828 finem
699 765 764 826 in
805 771 1172 842 potestatem
1198 763 1510 842 ipsorum,
1556 766 1662 843 qui
1690 782 1811 844 ope
1840 785 1957 832 sua
1982 771 2169 832 velint

203 852 452 916 adiutos
476 850 807 923 Romanos,
845 864 1006 912 esse.
1070 849 1309 924 legatos
1340 849 1418 910 ad
1444 849 1819 913 Antiochum
1842 853 2165 931 missuros,

203 936 310 1013 qui
349 934 626 998 nuntient
650 933 838 996 Attali
878 933 1252 1009 naviumque
1294 933 1427 994 eius
1469 939 1531 993 et
1556 933 1811 996 militum
1839 952 2031 1013 opera
2057 940 2165 1000 ad-

203 1033 422 1082 versus
447 1018 793 1094 Philippum
822 1032 1203 1082 comunem
1231 1017 1472 1079 hostem
1504 1018 1588 1079 uti
1617 1022 1912 1095 populum
1938 1021 2165 1084 Roma·

201 1121 382 1176 num;
425 1109 663 1179 gratum
691 1117 830 1164 eum
856 1104 1154 1164 facturum
1181 1101 1443 1177 senatun,
1473 1101 1527 1162 si
1553 1118 1747 1178 regno
1768 1104 1954 1168 Attali
1976 1105 2163 1168 absti-

198 1196 345 1251 neat
391 1189 682 1264 belloque
730 1185 1016 1258 absistam
1079 1202 1349 1264 aequum
1397 1201 1543 1247 esse
1584 1189 1795 1250 socios
1825 1195 1889 1252 et
1928 1190 2159 1257 anticos

199 1273 414 1351 popul—i
425 1272 690 1334 Romani
707 1287 888 1348 reges
910 1272 1066 1333 inter
1088 1287 1162 1332 se
1175 1286 1427 1349 quoque
1448 1272 1627 1348 ipsos
1649 1287 1869 1350 pacem
1890 1289 2161 1335 servare.

369 1356 844 1422 1X.Consuiem
863 1357 930 1416 Τ.
962 1354 1304 1431 Quinctium
1336 1356 1421 1416 ita
1445 1355 1655 1418 habito
1686 1357 1929 1432 dilectu,
1952 1366 2020 1419 ut
2047 1373 2159 1420 eos

197 1444 330 1504 fere
355 1443 588 1517 leg-eret
613 1439 720 1518 qui
741 1441 808 1502 ιιι
832 1440 1132 1517 Hispania
1159 1447 1262 1502 atu
1278 1440 1493 1501 Attica
1516 1440 1891 1502 meruissent
1914 1449 2157 1516 specta-

196 1535 300 1589 tae
338 1525 578 1589 virtun’s
619 1526 871 1602 milites,
915 1533 1349 1602 properantem
1378 1524 1440 1584 in
1470 1525 1847 1600 provinciam
1874 1525 2161 1602 prodigia

196 1609 472 1673 nuntiata
521 1615 710 1686 atque
751 1625 966 1672 eoi-mn
1010 1607 1361 1686 procuratio
1404 1609 1639 1670 Romae
1679 1616 2021 1672 tenuerunt.
2079 1609 2157 1671 de

198 1696 378 1756 catio
415 1701 579 1756 tacta
606 1700 779 1755 erant
804 1695 906 1754 via
932 1694 1178 1770 publica
1193 1693 1408 1765 Veiis,
1455 1694 1657 1755 forum
1684 1700 1745 1756 et
1772 1695 1963 1755 aedes
1990 1695 2157 1756 Iovis

194 1779 486 1853 Lanuvii,
512 1777 792 1839 Herculis
823 1779 1011 1839 aedes
1041 1778 1316 1854 Ardeae,
1348 1775 1596 1854 Capuae
1625 1795 1837 1840 murus
1867 1786 1928 1840 et
1954 1787 2156 1841 turres

195 1871 261 1928 et
298 1863 488 1924 aedes
541 1877 701 1938 quae
727 1862 886 1923 Alba
935 1862 1170 1925 dicitur.
1244 1863 1483 1924 caelum
1524 1863 1745 1924 ardere
1788 1864 1989 1924 visum
2027 1869 2155 1926 erat

195 1945 444 2009 Arretii
501 1953 664 2009 terra
686 1947 939 2010 Velitris
980 1947 1157 2010 trium
1197 1946 1474 2023 iugemm
1516 1947 1718 2025 spatio
1763 1962 2027 2009 caverna
2065 1947 2152 2008 in·

195 2034 380 2117 genti
415 2032 757 2094 desederat.
824 2030 1092 2094 Suessae
1141 2032 1473 2093 Auruncae
1522 2033 1881 2094 nuntiabant
1926 2048 2156 2108 agnum

195 2132 334 2179 cum
369 2105 615 2177 'duobus
661 2117 964 2194 capitibus
994 2124 1228 2191 natum,
1276 2123 1336 2177 et
1365 2116 1701 2178 Sinuessae
1730 2131 1987 2193 porcum
2016 2132 2156 2178 eum

193 2202 464 2263 humano
517 2201 734 2277 eapite.
801 2217 1016 2264 eorum
1067 2200 1487 2277 prodigiorum
1538 2216 1729 2261 causa
1784 2201 2155 2276 supplicatio

194 2301 388 2347 unum
415 2285 580 2345 diem
607 2285 840 2362 habita,
886 2294 946 2347 et
973 2286 1261 2347 consules
1291 2284 1478 2345 rebus
1510 2282 1735 2344 divinis
1765 2298 2017 2358 operam
2046 2283 2153 2342 de—

195 2371 434 2444 derunt,
465 2370 844 2447 placatisque
868 2369 986 2430 diis
1012 2366 1270 2445 profecti
1291 2368 1352 2428 in
1376 2366 1727 2443 provincias
1750 2374 1911 2428 sunt.
1938 2366 2153 2427 Aelius

195 2470 338 2517 cum
382 2453 598 2515 Helvio
649 2461 933 2531 praetore
980 2453 1042 2513 in
1097 2452 1383 2523 Galliam3
1453 2451 1917 2528 exercitumque
1967 2450 2043 2511 ab
2084 2450 2153 2510 L.

193 2540 453 2601 Lentulo
483 2546 836 2615 acce-ptum,
866 2553 1047 2615 quem
1078 2535 1379 2598 dimittere
1408 2536 1697 2610 debebat,
1737 2535 2004 2613 praetori
2035 2542 2153 2596 tra-

196 2623 379 2697 didit,
423 2622 560 2699 ipse
589 2624 768 2685 novis
796 2620 1142 2699 legionibus
1174 2638 1331 2697 quas
1372 2636 1586 2682 secum
1614 2622 1986 2692 adduxerat,
2023 2620 2152 2679 bel·

193 2710 320 2767 lum
361 2713 668 2781 gesturus.
733 2722 938 2784 neque
977 2704 1389 2767 memorabilis
1432 2706 1522 2765 rei
1568 2706 1899 2782 quicquam
1940 2703 2152 2779 gessit.

195 2796 258 2852 et
283 2791 348 2849 T.
383 2790 698 2866 Quinctius
742 2793 894 2853 alter
936 2792 1154 2853 consul
1181 2790 1477 2853 maturius
1509 2806 1693 2867 quam
1719 2790 1959 2867 priores
1990 2786 2154 2849 soliti

195 2880 372 2937 erant
411 2878 732 2951 consules,
778 2892 818 2936 a
841 2874 1176 2939 Brundisio
1216 2890 1357 2937 cum
1382 2874 1775 2950 tramisisset,
1822 2875 2151 2951 Corcyram

194 2959 390 3021 tenuit
432 2976 571 3021 cum
613 2967 756 3023 octo
798 2959 1044 3022 milibus
1073 2960 1376 3037 peditum,
1425 2959 1735 3038 equitibus
1768 2956 2153 3033 octingentis.

195 3044 276 3106 ab
307 3044 630 3124 Corcyra
612 3062 676 3105 m
721 3044 1004 3144 proxima
1027 3045 1196 3120 Epiri
1242 3043 1668 3122 quinqueremi
1693 3042 1957 3114 traiecit,
2006 3038 2154 3099 etin

197 3134 400 3190 castra
425 3130 706 3191 Romana
745 3131 984 3206 magnis
1028 3128 1349 3191 itineribus
1394 3126 1735 3197 contendit,
1796 3125 1943 3184 inde
1966 3120 2155 3182 Villio

193 3210 455 3275 dimisso
479 3229 719 3290 paucos
748 3222 1022 3277 moratus
1050 3213 1206 3287 dies,
1251 3213 1397 3273 dum
1426 3228 1498 3274 se
1527 3210 1748 3285 copiae
1776 3206 1852 3268 ab
1884 3202 2159 3284 Corcyra

195 3298 714 3373 adsequerentur,
746 3298 1070 3360 consilium
1095 3294 1337 3371 habuit,
1366 3302 1571 3357 utrum
1595 3298 1766 3353 recto
1796 3289 2015 3353 itinere
2042 3300 2149 3367 per

195 3390 398 3444 castra
421 3382 694 3445 hostium
719 3379 844 3443 vim
871 3384 1078 3443 facere
1105 3386 1451 3456 conaretur,
1489 3394 1566 3439 an
1594 3392 1675 3438 ne
1700 3382 1992 3453 temptata
2021 3372 2153 3451 qui·

195 3468 333 3529 dem
375 3482 446 3529 re
489 3466 638 3528 tanti
686 3466 918 3529 laboris
961 3482 1036 3526 ac
1079 3463 1337 3542 periculi
1379 3478 1489 3541 per
1514 3461 1908 3524 Dassaretios
1950 3457 2155 3537 potius

191 3551 603 3631 Lyncumque
645 3556 774 3612 tuto
805 3550 1061 3612 circmtu
1091 3548 1519 3610 Macedoniam
1545 3547 1815 3609 intraret.
1877 3544 2157 3605 vicisset-
