2548 3950
320 201 404 272 so
607 199 836 259 LisER
863 197 1102 258 xxxn.
1149 195 1427 257 cAP.12.
1458 204 1541 256 13.
1587 202 1660 268 [ι.
1686 201 1755 252 υ.
1781 203 1978 268 αεενι]

315 361 644 434 postquam
665 349 869 408 multis
883 347 1218 407 vulneratis
1239 346 1699 422 interfectisque
1719 361 2015 422 recepere
2028 363 2099 408 se
2122 350 2275 423 regii

312 441 372 502 in
403 441 542 498 loca
575 439 680 495 aut
703 433 1078 493 munimento
1107 437 1209 490 aut
1234 437 1455 492 natura
1472 436 1618 506 tuta,
1645 437 1912 492 verterat
1932 432 2277 507 periculum

310 524 374 583 in
400 523 732 591 RomanoS,
764 523 991 576 temere
1018 516 1084 574 in
1106 514 1246 576 loca
1265 514 1479 590 iniqua
1498 528 1618 576 nee
1639 514 1838 576 facilis
1858 515 1938 574 ad
1956 524 2275 591 receptum

261 655 266 660 .
314 602 629 681 angustias
682 615 1078 677 progressos.
1149 613 1352 674 neque
1401 599 1699 674 impunita
1746 599 2083 659 temeritue
2132 600 2281 660 inde

310 689 696 765 recepissent
722 700 884 758 sese,
915 683 978 743 ni
1001 684 1231 744 clamor
1255 683 1515 758 primum
1538 681 1615 742 ab
1637 688 1810 757 tergo
1834 682 2100 756 audituS,
2131 684 2277 744 dein

313 789 522 850 pugna
561 771 744 830 etiam
785 775 1008 845 coepta
1049 768 1309 828 amentis
1334 767 1657 842 repentino
1686 772 1922 827 terrore
1947 767 2155 841 regios
2184 768 2275 827 fe-

312 859 520 918 cisset.
565 869 712 930 pars
741 853 803 913 in
834 854 1041 927 lugam
1068 851 1253 913 effusi
1288 859 1457 922 sunt}
1518 866 1665 927 pars
1696 851 1849 925 quia
1870 850 2067 926 magis
2096 852 2278 912 loeus

311 943 496 1017 fugae
537 939 777 1013 deerat,
820 953 1003 1012 quam
1033 937 1205 1013 quod
1244 936 1429 996 animi
1472 937 1626 996 satis-
1664 940 1832 996 esset
1866 935 1953 995 ad
1988 949 2279 1010 pugnam,

315 1041 458 1088 cnm·
481 1022 917 1094 substitissent,
949 1020 1028 1080 ab
1055 1021 1238 1082 hoste
1265 1027 1327 1080 et
1352 1035 1392 1079 a
1420 1020 1621 1080 fronte
1642 1025 1707 1080 et
1724 1019 1805 1079 ab
1823 1026 1997 1094 tergo
2020 1027 2277 1094 urgente

314 1107 704 1171 circumventi
727 1113 886 1166 sunt.
931 1105 1123 1165 deleri
1143 1109 1312 1166 totus-
1334 1104 1640 1166 exercitus
1665 1102 1879 1179 potuit,
1911 1104 1965 1164 si
1988 1104 2279 1178 fugientis

313 1190 623 1268 persecuti
663 1191 930 1268 victores
973 1195 1212 1249 essenis
1278 1188 1394 1248 sed
1434 1188 1701 1264 equitem
1742 1187 2063 1263 angustiae
2104 1189 2277 1248 loco·

309 1291 568 1352 rumque
613 1273 946 1351 asperim,
1005 1272 1272 1350 peditem
1316 1289 1623 1334 armorum
1666 1272 1939 1347 gra-vitas
1978 1272 2275 1347 impediit.

311 1375 423 1422 rex
465 1360 662 1436 primo
705 1357 904 1419 effuse
947 1373 1022 1418 ac
1063 1357 1196 1417 sine
1235 1364 1527 1432 respectu
1568 1357 1750 1432 fugin
1814 1355 1959 1416 dein
2000 1355 2279 1433 quinque

309 1445 536 1504 milium
579 1443 844 1520 spatium
886 1457 1291 1518 progniem,
1338 1458 1476 1502 cum
1518 1455 1595 1501 ex
1624 1440 1937 1516 iniquitate
1977 1440 2277 1516 locorum,

311 1529 376 1588 id
414 1528 583 1602 quod
622 1531 780 1597 erat,
823 1526 1174 1601 suspicatus
1218 1533 1387 1587 esset
1428 1525 1606 1601 sequi
1636 1541 1761 1586 non
1792 1539 1985 1600 posse
2010 1524 2275 1598 hostem,

311 1610 580 1672 substitit
606 1610 668 1668 in
710 1612 942 1670 tumulo
985 1610 1286 1685 quodam,
1332 1610 1683 1685 dimisitque
1725 1624 1879 1670 suos
1916 1623 2030 1683 per
2070 1610 2275 1669 omnia

309 1695 454 1768 iuga
481 1693 816 1768 vallesque,
849 1694 954 1768 qui
982 1695 1221 1768 palatos
1250 1693 1314 1752 in
1340 1709 1531 1755 unum
1559 1693 1933 1768 colligerent.
1975 1709 2100 1754 non
2130 1694 2277 1768 plus

313 1777 560 1838 duobus
585 1775 830 1836 mil-ibus
850 1775 1170 1837 hominum·
1184 1777 1453 1852 amissis,
1483 1781 1689 1838 cetera
1708 1777 1910 1838 omnis
1932 1777 2277 1852 multitudo,

311 1862 478 1923 velut
515 1860 756 1935 signum
801 1859 1053 1938 aliquod
1093 1865 1337 1932 secuta,
1383 1861 1444 1921 in
1472 1877 1663 1923 unum
1692 1877 1833 1923 cum
1860 1860 2281 1935 convenisset,

309 1943 613 2019 frequenti
638 1945 880 2020 agmine
901 1951 1116 2021 petunt
1126 1943 1523 2007 Thessaliam„
1554 1946 1833 2021 Romani,
1850 1944 2057 2023 quoad
2079 1950 2277 2007 tutum

314 2030 424 2091 fuit
457 2029 745 2103 insecuti,
790 2031 1118 2091 caedentes
1149 2032 1614 2108 spoliantesque
1644 2046 1900 2104 caesos„
1946 2036 2151 2091 castra
2175 2045 2275 2089 re-

309 2114 430 2189 gia,
455 2112 636 2174 etiam
661 2111 794 2172 sine
817 2112 1249 2175 defensoribus
1273 2115 1507 2175 difficili
1528 2115 1716 2189 aditu,
1732 2114 2055 2189 diripiunt;
2088 2122 2279 2189 atque

309 2214 385 2258 ea
412 2203 594 2259 nocte
621 2197 684 2257 in
705 2196 837 2257 suis
863 2198 1082 2258 castris
1103 2206 1477 2259 manserunt.
1519 2199 1676 2260 xm.
1722 2205 1977 2276 postero
2002 2197 2103 2258 die
2126 2214 2270 2260 con-

309 2284 403 2343 sul
447 2298 558 2359 per
597 2282 772 2358 ipsas
812 2282 1162 2357 angustias,
1208 2299 1333 2358 qua
1362 2298 1432 2343 se
1460 2283 1615 2343 inter
1641 2285 1838 2345 valles
1868 2281 2095 2343 flumen
2126 2282 2270 2343 insi·

308 2374 468 2441 nuat,
498 2366 738 2428 hostem
769 2366 1062 2441 sequitur.

475 2451 610 2509 Rex
638 2450 836 2524 primo
859 2450 960 2509 die
982 2451 1062 2509 ad
1085 2456 1289 2509 castra
1308 2449 1526 2527 Pyrrhi
1551 2451 1858 2525 perventu
1887 2452 2065 2512 locus
2090 2466 2275 2527 quern

305 2533 390 2592 ita
417 2539 658 2603 vocant,
691 2538 788 2592 est
815 2532 875 2591 in
903 2531 1218 2611 Triphylia
1246 2539 1446 2594 terrae
1471 2533 1798 2595 Melotidis.
1844 2535 1991 2595 inde
2018 2542 2277 2611 postero

307 2615 407 2676 die
425 2648 514 2661 —-
534 2615 750 2691 ingens
779 2616 895 2677 iter
920 2616 1160 2691 agmini,
1193 2616 1309 2677 sed
1338 2623 1533 2678 metus
1563 2619 1821 2693 urgebat
1840 2619 2006 2679 -in
2032 2626 2277 2680 montes

304 2700 562 2777 Lyncon
605 2700 891 2775 perrexit.
955 2700 1077 2775 ipsi
1109 2701 1279 2777 Epiri
1322 2709 1491 2776 sunt,
1533 2701 1827 2763 interiecti
1867 2702 2281 2763 Macedoniae

303 2783 815 2861 Thessaliaeque=
859 2784 1050 2858 latus,
1097 2786 1266 2860 quod
1298 2786 1497 2860 vergit
1524 2786 1585 2846 in
1613 2786 2022 2858 Thessaliam,
2070 2786 2275 2847 orien-

308 2872 428 2926 tem
457 2873 729 2942 spectat;
771 2869 1106 2945 septentrio
1137 2886 1178 2929 a
1201 2869 1568 2931 Macedonia
1595 2870 1873 2931 obicitur.
1920 2868 2123 2931 vestiti
2154 2872 2275 2929 fre-

307 2951 636 3029 quentibus
661 2952 833 3013 silvis
858 2959 1031 3024 sunt;
1061 2953 1204 3029 iuga
1218 2970 1457 3014 summa
1478 2969 1732 3030 campos
1750 2960 2030 3031 patentes
2045 2970 2274 3029 aquas-

307 3052 426 3111 que
480 3036 767 3112 perennis
823 3035 1068 3098 habent.
1132 3037 1217 3097 ibi
1258 3037 1495 3098 stativis
1542 3053 1655 3097 rex
1704 3054 1819 3113 per
1857 3038 2097 3114 aliquot
2134 3038 2275 3098 dies

304 3119 524 3181 habitis
555 3119 884 3182 fluctuatus
915 3122 1118 3182 animo
1148 3129 1262 3196 est,
1291 3129 1492 3183 utrum
1522 3122 1799 3199 protinus
1827 3124 1889 3183 in
1913 3136 2172 3197 regnum
2198 3137 2279 3183 se
2346 3126 2351 3133 '

303 3202 633 3278 reciperet,
687 3222 764 3265 an
812 3208 1114 3281 praeverti
1151 3207 1212 3265 in
1241 3207 1621 3266 Thessaliam
1660 3214 1894 3281 posset.
1960 3205 2275 3267 inelinavit

302 3288 605 3348 sententia
630 3295 698 3348 ut
723 3288 784 3348 in
807 3289 1186 3351 Thessaliam
1215 3304 1435 3365 agmen
1459 3290 1828 3360 demitteret;
1870 3289 2275 3365 Triccamque

303 3371 602 3445 proximis
644 3372 932 3433 limitibus
977 3375 1154 3449 petit,
1200 3374 1343 3435 inde
1379 3372 1595 3435 obvias
1624 3373 1813 3434 urbes
1840 3373 2063 3449 raptim
2092 3388 2273 3449 pera—

301 3450 520 3527 gravit.
549 3453 848 3529 homines,
867 3459 971 3531 qui
995 3459 1176 3532 sequi
1198 3464 1477 3533 possent,
1494 3455 1745 3518 sedibus
1760 3456 2019 3532 excibat,
2038 3456 2273 3533 oppida
