2548 3950
1773 0 1796 2 ’ἶ
1815 0 1862 12 -Ϊ“
1880 0 2074 30 “qv-*j

385 260 510 325 246
663 258 892 319 LIBER
919 256 1187 317 XXXVI.
1233 254 1398 316 cAP.
1430 262 1516 317 28.
1540 261 1627 316 29.
1671 260 1745 327 [a.
1772 258 2063 333 masan

387 413 704 475 consulem
745 418 990 471 ventum
1025 416 1150 482 est,
1189 406 1508 468 Phaeneas
1537 403 1863 481 legationis
1891 404 2201 483 priuceps
2234 406 2383 467 lon-

385 513 524 571 gam
555 493 893 557 orationem
922 500 984 555 et
1011 490 1182 552 varie
1208 492 1290 551 ad
1308 489 1701 565 mitigandam
1724 488 1883 551 iram
1899 488 2163 551 victoris
2196 505 2379 553 com-

385 578 650 657 positam
676 576 761 640 ita
787 579 868 639 ad
894 584 1234 638 extremum
1253 574 1464 648 finivit,
1495 580 1562 634 ut
1582 572 1815 634 diceret
1832 574 2097 635 Aetolos
2120 589 2205 635 se
2228 590 2379 636 sua·

390 678 512 740 que
541 662 745 724 omnia
771 662 916 723 fidei
945 658 1164 737 populi
1188 657 1447 719 Romani
1473 654 1845 733 permittere.
1902 656 1970 717 id
1996 659 2239 718 consul
2266 658 2377 721 ubi

387 746 632 820 audivit,
661 744 885 820 „etiam
913 751 1096 820 atque
1125 742 1307 805 etiam
1332 743 1597 818 videte,“
1639 738 1838 817 inquit
1874 740 2147 815 „Aetoli‚
2188 747 2265 805 ut
2290 743 2376 803 ita

387 828 808 907 permittatis.“
864 836 991 889 tum
1030 828 1344 888 decretum
1382 826 1696 886 Phaeneas
1711 869 1727 899 ,
1769 826 1832 885 in
1871 841 1999 900 quo
2028 824 2099 885 id
2126 824 2373 887 diserte

385 915 682 989 scriptum
704 920 851 987 erat,
881 909 1166 975 ostendit.
1212 910 1502 986 „quando
1526 912 1717 985 ergo“
1739 907 1938 985 inquit
1956 906 2087 984 „ita
2106 910 2369 985 permit-

383 997 526 1071 titis,
557 997 836 1073 postulo,
863 1002 932 1057 ut
957 993 1102 1056 mihi
1129 993 1571 1055 Dicaearchum
1600 992 1798 1054 civem
1826 999 2105 1054 vestrum
2133 1003 2207 1055 et
2234 992 2369 1055 Me-

385 1089 623 1141 nestam
649 1080 1001 1156 Epirotam“
1019 1112 1108 1125 —
1124 1078 1503 1155 Naupactum
1530 1074 1587 1138 is
1614 1090 1755 1137 cum
1776 1076 2095 1153 praesidio
2118 1078 2371 1155 ing-res-

383 1181 494 1226 sus
537 1164 616 1223 ad
645 1163 1052 1225 defectionem
1079 1163 1563 1238 compulerat—
1582 1167 1685 1238 ,3et
1708 1160 2193 1241 Amynandrum
2226 1178 2371 1225 cum

383 1246 764 1325 principibus
792 1245 1230 1321 Athamanum,
1271 1261 1537 1322 quorum
1572 1244 1831 1306 consilio
1860 1244 1940 1305 ab
1968 1246 2157 1309 nobis
2192 1246 2369 1307 dere-

385 1331 573 1403 cistis,
604 1330 739 1391 sine
767 1346 941 1392 mora
968 1328 1272 1391 dedatis.“
1322 1346 1519 1404 prope
1548 1328 1849 1389 dicentem
1876 1327 2210 1391 interfatus
2240 1330 2366 1391 Ro·

383 1431 628 1476 manum
678 1431 844 1488 „non
885 1415 946 1475 in
989 1414 1383 1475 servitutem“
1420 1414 1619 1489 inquit
1656 1412 1812 1489 „sed
1850 1411 1911 1473 in
1954 1414 2146 1475 fidem
2190 1421 2369 1477 tuam

384 1516 500 1560 nos
529 1498 925 1569 tradidimus;
965 1505 1028 1559 et
1055 1504 1287 1559 certum
1314 1497 1516 1559 habeo
1544 1505 1605 1559 te
1634 1496 2044 1574 imprudentia
2070 1497 2222 1573 labi,
2258 1498 2367 1575 qui

381 1582 561 1643 nobis
602 1582 871 1658 imperes
915 1597 1074 1659 quae
1113 1582 1303 1642 moris
1332 1581 1705 1643 Graecorum
1743 1597 1868 1643 non
1913 1580 2100 1643 sint-‘⁴
2166 1582 2261 1643 ad
2286 1598 2365 1643 ea

385 1666 604 1726 consul
646 1681 800 1739 „nec
827 1666 1116 1726 hercule“
1143 1665 1343 1742 inquit
1380 1680 1797 1741 „magnopere
1824 1680 1991 1728 nunc
2020 1680 2173 1726 curo
2206 1666 2363 1743 quid

381 1746 585 1809 Aetoli
637 1748 787 1809 satis
828 1763 908 1808 ex
943 1764 1116 1809 more
1161 1749 1533 1811 Graecorum
1576 1750 1803 1810 factum
1842 1765 1989 1811 esse
2032 1757 2356 1824 censeant,

385 1832 530 1891 dum
578 1845 694 1906 ego
743 1846 916 1893 more
953 1832 1234 1894 Romano
1286 1833 1606 1909 imperium
1644 1832 1955 1898 inhibeam
1994 1834 2057 1893 in
2104 1832 2357 1895 deditos

384 1916 568 1975 modo
613 1915 860 1979 decreto
891 1931 1040 1992 suo,
1083 1922 1226 1978 ante
1253 1917 1440 1980 armis
1469 1916 1689 1979 victos.
1752 1917 1961 1994 itaque
1990 1917 2053 1977 ni
2081 1933 2355 1995 propere

383 1999 450 2060 fit
474 1998 643 2076 quod
663 1996 918 2077 impero,
931 2000 1149 2062 vinciri
1161 2018 1278 2063 vos
1302 1999 1422 2062 iam
1443 2001 1690 2062 iubeo.“
1717 2000 2075 2078 adferrique
2096 2009 2352 2064 catenas

384 2091 442 2144 et
469 2080 918 2146 circumsistere
945 2083 1192 2146 lictores
1221 2083 1421 2147 iussit.
1465 2092 1594 2147 tum
1622 2086 1815 2146 fracta
1833 2085 2159 2147 Phaeneae
2186 2089 2347 2147 fero-

382 2165 476 2227 cia
494 2166 856 2243 Aetolisquc
877 2165 1013 2229 aliis
1035 2175 1147 2244 est,
1179 2176 1241 2230 et
1259 2169 1507 2230 tandem
1531 2168 1705 2231 cuius
1730 2167 2114 2231 condiclonis
2137 2177 2348 2232 essent

383 2257 728 2312 senserunt.
793 2259 854 2313 et
880 2251 1194 2314 Phaeneas
1225 2269 1297 2314 se
1327 2253 1603 2329 quidem,
1636 2261 1697 2314 et
1725 2251 1831 2328 qui
1858 2253 2067 2315 adsint
2092 2252 2345 2315 Aetolo·

380 2351 542 2406 rum,
585 2335 747 2396 scire
789 2333 1074 2398 facienda
1111 2352 1257 2398 esse
1300 2351 1461 2412 quae
1488 2336 1863 2412 imperentur
1890 2334 2079 2412 dixit,
2122 2337 2239 2397 sed
2264 2337 2341 2397 ad

385 2418 773 2481 decernenda
796 2436 872 2481 ea
895 2420 1153 2483 concilio
1170 2422 1715 2497 Aetolorum‘opus
1738 2435 1912 2482 essex
1941 2421 2025 2482 ad
2044 2418 2112 2481 id
2132 2427 2339 2497 petere

385 2510 449 2562 ut
477 2503 691 2564 decem
732 2502 968 2566 dierum
997 2503 1264 2568 indutias
1296 2505 1487 2565 daret.
1554 2510 1799 2580 petente
1822 2503 2048 2567 Flacco
2076 2520 2193 2580 pro
2222 2507 2335 2564 Ac·

378 2584 518 2646 tolis
555 2585 824 2648 indutiae
863 2588 1044 2650 datae
1090 2595 1152 2650 et
1177 2589 1485 2667 Hypatam
1511 2589 1773 2650 reditum
1798 2594 1913 2648 est.
1978 2587 2085 2649 ubi
2114 2604 2253 2649 cum
2280 2587 2333 2646 in

383 2669 640 2732 consilio
672 2671 1079 2744 delectorum,
1113 2689 1273 2749 quos
1304 2673 1625 2748 apocletos
1651 2679 1905 2747 vocant,
1934 2671 2252 2733 Phaeneas
2280 2677 2333 2732 et

381 2767 544 2827 quac
573 2750 1016 2827 imperarentur
1043 2761 1106 2817 et
1133 2771 1297 2832 quae
1329 2754 1488 2832 ipsis
1518 2771 1717 2834 prope
1743 2754 2121 2817 accidissent
2148 2771 2329 2832 expo·

377 2833 635 2909 suisset,
681 2837 1105 2910 ingemuerunt
1144 2839 1393 2915 quidem
1433 2838 1746 2918 principes
1787 2837 2139 2901 condicioni
2167 2856 2327 2912 suae,

377 2919 716 2996 parendum
744 2928 942 2981 tamen
972 2922 1187 2984 victori
1217 2923 1555 2984 censebant
1580 2931 1747 2985 etex
1775 2923 2060 2987 omnibus
2087 2921 2328 3000 oppidis

375 3005 817 3066 convocandos
871 3005 1127 3068 Aetolos
1187 3007 1269 3068 ad
1318 3006 1661 3070 concilium.
1730 3007 1941 3068 XXIX.
2002 3015 2328 3086 postquam

375 3105 524 3148 vero
557 3095 772 3151 coacta
799 3089 996 3151 omnis
1027 3091 1347 3154 multitudo
1378 3089 1594 3152 eadem
1614 3091 1717 3152 illa
1736 3090 1984 3166 audivit,
2014 3093 2175 3154 adeo
2199 3109 2328 3154 sae-

375 3168 518 3244 vitia
546 3172 787 3251 imperii
815 3179 1000 3250 atque
1027 3175 1383 3252 indignitate
1411 3174 1760 3252 exasperati
1782 3175 1967 3237 animi
1993 3182 2157 3250 sunt,
2187 3184 2252 3237 ut
2276 3176 2326 3236 si

374 3254 435 3314 in
482 3271 634 3332 pace
675 3255 965 3331 ruissent,
1007 3257 1111 3321 illo
1151 3257 1385 3334 impetu
1426 3259 1554 3320 irae
1596 3259 1889 3321 concitari
1917 3258 2226 3334 potuerint
2250 3258 2325 3318 ad

376 3337 620 3398 bellum.
674 3339 751 3399 ad
794 3339 942 3399 iram
982 3341 1319 3403 accedebat
1344 3349 1406 3403 et
1432 3341 1761 3404 difficultas
1791 3358 2004 3404 eorum
2032 3359 2194 3420 quae
2220 3343 2321 3401 im-

383 3426 736 3488 perarentur
757 3453 835 3466 ——
861 3439 1126 3496 quonam
1180 3424 1367 3485 modo
1418 3423 1581 3485 enim
1627 3425 1840 3502 utique
1887 3440 2098 3500 regem
2139 3427 2324 3503 Amy-

382 3498 677 3560 nandrum
707 3517 776 3561 se
801 3503 1044 3564 tradere
1071 3513 1308 3582 posse?
1326 3539 1409 3550 —
1438 3512 1500 3568 et
1528 3523 1677 3583 spes
1706 3508 1863 3570 rorte
1892 3508 2125 3584 oblata,
2162 3506 2326 3584 quod
