2548 3950
390 212 523 276 ³04
607 213 835 273 LIBER
864 211 1156 273 XXXVII.
1202 210 1368 273 CAP.
1397 218 1595 273 48.49.
1625 220 1710 271 50.
1757 216 1830 285 [a.
1853 214 1923 267 U.
1949 232 1996 272 c.
2021 216 2150 284 5631

397 368 527 429 suis
561 365 775 439 legatis
802 380 902 434 se,
949 364 1053 441 qui
1083 379 1221 424 cum
1250 364 1506 423 consule
1535 364 1776 437 fuerint,
1813 361 2108 425 certiores
2137 364 2368 427 factos.

398 450 660 513 rumoris
702 448 886 508 huius
919 449 1062 522 quia
1091 447 1391 507 neminem
1421 447 1605 507 alium
1635 454 1947 508 auctorem
1977 446 2178 507 habeo
2197 494 2214 522 ,
2259 463 2366 509 ne·

400 550 523 611 que
564 532 881 593 adfirmata
920 547 1021 591 res
1066 548 1204 590 mea
1248 531 1537 606 opinione
1579 532 1658 591 sit
1696 546 1811 591 nec
1851 546 1965 606 pro
1997 546 2157 591 vana
2184 546 2365 607 prae-

396 617 700 679 termissa.

564 700 766 759 XLIX.
830 699 1031 771 Aetoli
1075 698 1255 773 legati
1299 698 1356 757 in
1401 705 1679 759 senatum
1723 698 2080 770 introducti,
2125 714 2270 759 cum
2311 706 2367 759 et

402 800 591 847 eausa
633 798 743 843 eos
784 799 899 842 sua
940 791 999 843 et
1040 783 1282 843 fortuna
1322 782 1695 857 hortaretur,
1746 791 1813 843 ut
1856 782 2211 844 confitendo
2255 798 2367 843 seu

400 870 618 943 culpae
648 882 763 927 seu
789 867 982 927 errori
1010 866 1252 926 veniam
1280 872 1558 941 peterent
1586 867 1922 942 supplice8‚
1955 866 2148 949 orsi-a
2177 867 2366 927 bene·

398 952 556 1013 ficiis
598 952 659 1011 in
705 952 1001 1025 populum
1028 951 1402 1025 Romanum,
1447 956 1508 1009 et
1533 965 1735 1025 prope
1763 950 2214 1025 exprobrantes
2243 950 2365 1010 vir-

397 1044 587 1098 tutem
628 1050 803 1095 suam
842 1034 905 1093 in
931 1033 1190 1110 Philippi
1229 1034 1422 1107 bello,
1468 1040 1528 1093 et
1568 1032 1958 1095 offenderunt
1986 1049 2168 1095 aures
2198 1035 2363 1095 inso—

400 1119 586 1179 lentIa
613 1116 915 1178 sermonis
932 1163 946 1190 ,
978 1125 1037 1177 et
1063 1132 1139 1178 eo
1169 1122 1380 1177 vetera
1408 1122 1470 1177 et
1499 1116 1841 1179 oblitterata
1868 1118 2210 1194 repetendo
2239 1134 2366 1177 rem

402 1203 817 1273 adduxerunt,
860 1208 929 1260 ut
969 1200 1132 1261 haud
1177 1202 1361 1275 paulo
1390 1200 1657 1275 plurium
1683 1200 2123 1263 maleficiorum
2166 1200 2363 1278 gentis

400 1301 587 1361 quam
627 1285 1065 1345 beneficiorum
1107 1284 1402 1345 memoria
1441 1284 1674 1345 subiret
1714 1286 1951 1347 animos
1995 1292 2270 1363 patrum,
2311 1293 2367 1345 et

403 1370 627 1446 quibus
668 1369 1090 1429 misericordia
1129 1384 1287 1444 opus
1331 1373 1489 1442 erat,
1533 1367 1684 1429 iram
1713 1377 1774 1429 et
1809 1370 2019 1431 odium
2046 1368 2363 1429 irritarent.

402 1454 753 1528 interrogati
796 1452 871 1513 ab
907 1470 1029 1513 uno
1062 1458 1378 1525 senatore,
1422 1453 1918 1527 permitterentne
1945 1453 2262 1514 arbitrium
2292 1454 2363 1513 de

403 1554 473 1598 sc
502 1538 735 1612 populo
764 1537 1073 1606 Romano;
1124 1536 1348 1597 deinde
1377 1535 1456 1596 ab
1484 1536 1706 1609 altero,
1738 1535 2083 1599 habiturine
2111 1538 2362 1598 eosdem

404 1638 561 1697 quos
611 1621 879 1695 populus
908 1622 1221 1681 Romanus
1252 1620 1462 1680 socios
1495 1625 1555 1678 et
1581 1619 1780 1681 hostis
1828 1628 2068 1696 essent,
2110 1620 2261 1681 nihil
2290 1620 2360 1681 ad

403 1722 477 1763 ea
518 1704 967 1779 respondentes
1012 1704 1221 1777 egredi
1254 1705 1476 1779 templo
1508 1704 1664 1763 iussi
1696 1712 1856 1766 sunt.
1925 1706 2362 1767 conclamatum

402 1787 626 1847 deinde
654 1782 857 1862 prope
883 1786 979 1848 ab*
990 1787 1281 1849 universo
1548 1793 1642 1847 est
1672 1794 1835 1849 totos
1859 1788 2062 1850 adhuc
2084 1784 2361 1849 Antiochi

404 1873 661 1932 Aetolos
693 1886 853 1945 esse,
898 1878 960 1932 et
987 1887 1066 1932 ex
1098 1874 1278 1933 unica
1308 1792 1838 2021 {tame
1867 1874 2106 1934 animos
2137 1888 2358 1933 eorum.

402 1956 610 2031 itaque
645 1956 873 2016 bellum
923 1972 1060 2018 cum
1102 1956 1268 2018 haud
1297 1956 1498 2019 dubiis
1541 1959 1743 2021 hostib
1791 1973 1827 2020 s
1867 1958 2203 2033 gerendum
2232 1969 2359 2035 per-
2494 1950 2498 2045 f

406 2040 881 2116 domandosquc
914 2041 1155 2102 feroces
1185 2042 1426 2107 animos
1458 2059 1619 2104 esse
1676 2045 1780 2103 illa
1809 2042 1993 2126 etiam
2021 2058 2123 2102 res
2155 2056 2356 2102 acceu-

402 2124 507 2197 dit,
542 2125 709 2198 quod
740 2139 813 2184 eo
847 2125 986 2199 ipso
1012 2131 1322 2201 tempole,
1369 2143 1492 2202 quo
1522 2142 1738 2202 pacem
1771 2128 1848 2187 ab
1875 2115 2174 2202 Romanis
2205 2131 2358 2201 pete-

404 2207 581 2282 bant,
624 2207 927 2284 Dolopiae
966 2216 1151 2284 atque
1177 2210 1579 2272 Athamaniae
1611 2209 1834 2272 bellum
1864 2205 2228 2290 inferebant
2271 2223 2356 2270 se·
2488 2247 2489 2275 ι

407 2299 587 2353 natus
628 2294 1018 2354 consultum
1003 2311 1064 2353 m
1092 2293 1193 2353 Μ.
1221 2293 1402 2356 Acilii
1431 2295 1822 2371 sententiam,
1864 2295 1966 2371 qui
1995 2275 2359 2356 Antiochum
2485 2317 2488 2351 ι

406 2378 787 2452 Aetolosque
828 2377 1163 2451 devicerat,
1204 2379 1431 2439 factum
1469 2385 1592 2452 est,
1634 2386 1704 2440 ut
1727 2379 1933 2440 Aetoli
1961 2395 2036 2440 eo
2068 2361 2486 2438 dictabe-1

404 2465 613 2520 rentur
656 2461 964 2534 proficisci
1008 2462 1083 2521 ab
1114 2461 1265 2522 urbe
1296 2469 1356 2522 et
1383 2464 1540 2524 intra
1570 2464 1844 2540 quintum
1875 2463 2176 2523 decimum
2207 2445 2356 2524 dien
2481 2457 2484 2506 ἱ

404 2542 573 2603 Italia
602 2545 926 2605 excedere.
967 2546 1044 2605 A.
1068 2545 1382 2607 Terentius
1411 2548 1611 2607 Varro
1643 2548 1723 2607 ad
1754 2547 2228 2609 custodiendum
2261 2549 2358 2608 iar

404 2641 621 2687 eorum
649 2628 909 2700 missus,
943 2629 1513 2706 denuntiatumque,
1546 2632 1603 2690 si
1630 2648 1754 2708 qua
1783 2631 2007 2694 deinde
2035 2631 2266 2730 legatio
2295 2637 2362 2692 ex

404 2708 672 2780 Aetolis,
723 2711 841 2769 nisi
884 2711 1193 2784 permissu
1234 2712 1619 2788 imperatoris
1665 2717 1770 2790 qui
1812 2733 1948 2778 eam
1992 2715 2380 2790 provincian
2446 2733 2448 2742 ·

402 2789 733 2864 obtineret
779 2799 840 2852 ct
880 2809 1018 2854 cum
1059 2795 1260 2870 legato
1290 2797 1568 2859 Romano
1610 2800 1886 2861 venisset
1923 2801 2210 2872 Romam,
2255 2814 2372 2880 pro

406 2873 691 2935 hostibus
724 2873 922 2936 omnis
955 2879 1211 2939 futuros
1256 2881 1339 2940 ita
1367 2880 1605 2942 dimissi
1633 2883 1852 2944 Aetoli.

571 2957 639 3018 L.
686 2959 775 3020 De
807 2959 1139 3034 provinciis
1171 2963 1395 3023 deinde
1417 2968 1708 3028 consules
1730 2963 2115 3028 rettulerunt·
2162 2965 2409 3027 sortiri

401 3059 515 3103 eos
559 3042 859 3104 Aetoliam
910 3051 971 3104 et
1007 3043 1218 3105 Asiam
1271 3049 1526 3122 placuit,
1593 3056 1652 3110 et
1701 3051 1805 3126 qui
1849 3051 2064 3111 Asiam
2114 3049 2366 3112 sortitus

404 3133 600 3201 esset,
646 3128 953 3196 exercitus
983 3129 1038 3190 ei
1082 3146 1264 3204 quem
1292 3131 1357 3191 L.
1391 3132 1598 3208 Scipio
1640 3133 1897 3196 haberet
1936 3141 2033 3196 est
2061 3135 2366 3208 decretuS,

403 3211 551 3269 etin
582 3225 721 3270 eum
752 3214 1243 3288 supplementum
1270 3224 1555 3289 quattuor
1576 3219 1738 3279 milia
1764 3217 2036 3293 peditum
2057 3220 2366 3280 Romano·
2449 3276 2455 3285 .

403 3309 554 3366 rum,
598 3294 843 3355 ducenti
873 3297 1142 3371 equites,
1175 3306 1236 3359 et
1265 3299 1573 3362 sociorum
1605 3317 1677 3362 ac
1705 3302 1902 3364 Latini
1931 3301 2194 3364 nominis
2225 3305 2364 3362 octo

402 3375 567 3434 milia
607 3377 881 3452 peditum
923 3388 983 3439 et
1022 3381 1446 3458 quadringenti
1476 3386 1746 3460 equites.
1789 3386 1889 3447 his
1920 3387 2119 3461 copiis
2148 3391 2214 3445 ut
2235 3383 2363 3444 bel—

406 3457 526 3516 lum
566 3475 703 3520 cum
746 3463 1050 3525 Antiocho
1092 3475 1348 3540 gereret.
1412 3468 1584 3528 alteri
1627 3469 1869 3531 consuli
1909 3469 2215 3530 exercitus
2260 3465 2364 3544 qui
