2548 3950
490 241 719 301 LIBER
750 240 1071 300 xxxvffl.
1118 242 1285 300 CAP.
1313 249 1623 303 31.32.33.
1669 243 1739 318 [a.
1767 247 1832 301 c.
1858 243 1978 320 189]
2091 241 2212 305 347

242 389 487 452 veniret
521 389 583 448 in
614 389 1107 464 Peloponnesum
1148 391 1226 450 ad
1260 389 2024 454 urbem-Lacedaemonem
2055 393 2116 452 in
2146 393 2239 453 fl·-

246 476 392 534 dem
424 473 851 548 dicionemque
874 474 1081 549 populi
1104 475 1363 534 Romani
1391 475 1831 550 accipiendam.
1864 475 2112 536 XXXII.
2154 477 2218 536 id

242 557 356 618 ubi
386 556 569 630 legati
598 557 679 616 ad
700 556 989 617 Achaeos
1011 558 1382 630 rettulerunt,
1416 557 1684 619 omnium
1707 558 2035 620 civitatium
2059 575 2218 635 quae

238 642 385 702 eius
430 640 668 701 concilii
708 649 879 702 erant
920 656 1227 702 consensu
1267 641 1494 703 bellum
1519 643 2028 706 Lacedaemoniis·
2063 642 2218 703 indi-

241 733 413 786 -ctum
441 730 555 784 est.
591 739 669 784 ne
691 724 997 802 extemplo
1019 731 1349 800 gereretur,
1381 725 1577 786 hiems
1600 725 1889 802 impediit.
1918 726 2217 787 incursio·

241 809 431 868 nibus
462 816 677 868 tamen·
695 809 919 883 parviS,
950 807 1252 870 latrocinii
1272 808 1466 885 magis
1495 827 1678 885 quam
1697 810 1839 870 belli
1862 811 2066 882 modo,
2091 827 2217 872 non

246 901 413 952 terra
440 899 675 952 tantum
703 892 816 952 sed
846 893 1022 954 etiam
1050 893 1309 955 navibus
1333 909 1370 953 a
1392 893 1544 954 mari
1562 895 1718 955 fines
1743 910 1955 955 eorum
1979 894 2216 955 vastati.

248 976 354 1036 hic
381 977 669 1036 tumultus
703 977 1016 1038 consulem
1046 976 1542 1055 Peloponnesum
1584 978 1866 1049 adduxit;
1917 978 2218 1054 iussuque

252 1059 387 1120 eius
416 1059 549 1119 Eli-n
594 1059 855 1121 concilio
890 1059 1117 1122 indicto
1140 1059 1607 1122 Lacedaemonii
1639 1060 1719 1121 ad
1747 1060 2218 1137 disceptandum

251 1143 449 1203 acciti.
492 1158 713 1218 magna
738 1143 822 1204 ibi
850 1161 973 1207 uon
1002 1145 1368 1222 disceptatio
1398 1145 1584 1206 modo
1614 1145 1729 1206 sed
1752 1145 2064 1206 altercatio
2085 1145 2214 1219 fuit,

252 1225 355 1285 cui
386 1227 631 1298 consul,
674 1241 811 1286 cum
838 1229 957 1287 alia
986 1231 1136 1290 satis
1166 1229 1490 1290 ambitiose
1515 1235 1751 1306 partem
1778 1237 2098 1305 utramque
2127 1229 2218 1288 fo·

250 1309 457 1369 vendo
497 1309 729 1370 incerta
766 1311 1223 1386 respondisset,
1264 1328 1390 1373 una
1431 1313 1913 1388 denuntiatione,
1961 1320 2028 1373 ut
2051 1312 2216 1372 bello

210 1427 217 1431 ·
255 1393 633 1454 abstinerent
673 1394 871 1455 donec
898 1394 1155 1456 Romam
1194 1396 1272 1456 ad
1315 1401 1592 1456 senatum
1621 1396 1856 1471 legatos
1885 1396 2218 1469 misissent,

252 1477 439 1537 finem
479 1476 788 1552 imposuit.
839 1479 1141 1554 utrimque
1180 1479 1401 1553 legatio
1441 1478 1630 1538 missa
1655 1479 1922 1539 Romam·
1943 1484 2056 1538 est.
2110 1493 2218 1537 ex-

248 1561 423 1620 sules
448 1575 697 1634 quoque
717 1561 1335 1624 Lacedaemoniorum
1357 1577 1532 1622 suam
1557 1574 1806 1622 causam
1827 1561 2218 1638 legationem·

251 1658 380 1718 que
400 1641 667 1702 Achaeis
695 1643 1101 1706 iniunxerunt.
1146 1645 1501 1721 Diophanes
1525 1653 1584 1706 et
1601 1645 1921 1724 Lycortas,
1945 1645 2214 1722 Megalo-

254 1724 511 1801 politani
550 1726 729 1788 ambo
746 1773 761 1801 ,
813 1727 1125 1804 principes
1166 1728 1487 1804 legationis
1515 1730 1903 1791 Achaeorum
1943 1731 2215 1790 suerunt:

258 1809 365 1885 qui
395 1809 769 1871 dissidentes
797 1811 860 1871 in
889 1827 956 1871 re
984 1812 1228 1888 publica
1257 1820 1385 1874 tum
1416 1829 1667 1889 quoque
1695 1811 1940 1874 minime
1967 1813 2124 1874 inter
2144 1827 2217 1873 se

254 1893 673 1955 convenientis
703 1895 1011 1956 orationes
1038 1897 1400 1958 habuerunt.
1443 1896 1798 1971 Diophanes
1829 1897 2068 1956 senatui
2091 1895 2216 1956 dis-

256 1978 655 2055 ceptationem
688 1980 955 2040 omnium
979 1996 1179 2040 rerum
1222 1978 1634 2055 permittebat=
1672 1995 1784 2041 eos
1815 1980 2040 2055 optime
2071 1993 2215 2039 con-

250 2062 587 2123 troversias
616 2062 773 2122 inter
791 2063 1077 2124 Achaeos
1108 2078 1181 2123 ac
1200 2062 1728 2124 Lacedaemonios
1751 2062 2029 2123 finituros
2052 2076 2215 2123 esse.

252 2145 553 2223 Lycortas
617 2160 697 2205 ex
756 2146 1105 2222 praeceptis
1157 2145 1650 2223 Philopoemenis
1715 2147 2088 2222 postulabat,
2149 2155 2216 2206 ut

253 2226 520 2289 Achaeis
553 2244 631 2289 ex
659 2229 911 2290 foedere
940 2245 1013 2289 ac
1038 2229 1279 2305 legibus
1309 2229 1440 2289 suis
1472 2246 1632 2305 quae
1654 2230 2014 2291 decressent
2033 2243 2217 2303 agere

253 2313 495 2387 liceret,
538 2313 1000 2387 libertatemque
1041 2313 1156 2373 sibi
1197 2312 1517 2385 illibatam,
1563 2311 1736 2373 cuius
1781 2311 1902 2387 ipsi
1931 2317 2214 2373 auctores

256 2404 495 2467 essent,
541 2402 939 2470 praestarent.
982 2412 1241 2473 magnae
1281 2394 1654 2457 auctoritatis
1697 2396 1864 2471 apud
1900 2397 2214 2457 Romanos

259 2483 383 2539 tum
424 2493 579 2553 gens
614 2479 1005 2539 Achaeorum
1046 2486 1205 2541 eratz·
1244 2478 1460 2540 novari
1499 2484 1701 2539 tamen
1747 2478 1895 2539 nihil
1923 2480 2000 2539 de
2027 2479 2214 2539 Lace-

256 2561 594 2622 daemoniis
645 2561 943 2636 placebat.
1008 2570 1276 2624 ceterum
1322 2558 1690 2637 responsum
1733 2562 1814 2623 ita
1854 2562 2216 2638 perplexum

258 2644 396 2717 ruit,
439 2652 507 2705 ut
547 2651 605 2704 et
632 2644 867 2706 Achaei
903 2644 1023 2705 sibi
1064 2645 1143 2706 de
1169 2644 1634 2707 Lacedaemone
1659 2644 2029 2721 permissum
2058 2646 2216 2707 acci-

258 2735 492 2803 perent,
519 2736 579 2790 et
603 2727 1074 2790 Lacedaemonii
1102 2744 1225 2790 non
1256 2728 1460 2790 omnia
1487 2744 1790 2791 concessa
1817 2728 1892 2791 iis
1921 2730 2216 2807 interpre-

253 2818 542 2875 tarentur.
597 2812 711 2873 hac
751 2819 1056 2889 potestate
1096 2812 1418 2873 immodice
1445 2811 1678 2875 Achaei
1719 2828 1792 2874 ac
1822 2814 2091 2889 superbe
2119 2813 2218 2873 usi

256 2902 417 2955 sunt.
458 2895 721 2957 XXXIII.
764 2896 1219 2973 Philopoemeni
1250 2896 1637 2958 continuatur
1658 2898 2067 2973 magistratus.
2113 2895 2218 2970 qui

257 2981 421 3039 veris
464 2979 630 3040 initio
674 2980 945 3040 exercitu
973 2980 1198 3040 indicto
1230 2988 1432 3041 castra
1461 2980 1520 3039 in
1551 2979 1778 3040 finibus
1806 2979 2217 3040 Lacedaemo·

262 3058 497 3123 niorum
519 3061 743 3136 posuit,
766 3063 998 3137 legatos
1022 3061 1243 3123 deinde
1264 3062 1428 3120 misit
1449 3062 1531 3121 ad
1553 3062 1986 3137 deposcendos
2009 3069 2218 3122 aucto·

260 3160 363 3204 res
393 3143 773 3215 desectionis,
806 3151 867 3203 et
894 3142 1192 3206 civitatem
1212 3143 1273 3203 in
1297 3158 1454 3219 pace
1476 3145 1754 3216 suturam,
1787 3144 1841 3205 si
1863 3145 1926 3205 id
1950 3144 2216 3217 fecisset,

259 3228 624 3303 pollicentis,
654 3233 714 3287 et
741 3226 877 3288 illos
906 3225 1052 3288 nihil
1080 3226 1308 3288 indicta
1337 3241 1525 3288 causa
1555 3243 1874 3306 passuros.
1919 3227 2220 3291 silentium

259 3326 413 3386 prae
440 3318 605 3372 metu
636 3317 973 3372 ceterorum
1003 3310 1142 3371 ἰηὶιε
1187 3326 1348 3386 quos
1374 3311 1726 3372 nominatim
1747 3312 2218 3389 depoposcerat,

262 3393 384 3469 ipsi
414 3410 483 3456 sc
513 3395 703 3457 ituros
732 3394 1002 3471 professi
1030 3402 1189 3475 sunt,
1220 3394 1346 3457 fide
1373 3402 1628 3471 accepta
1655 3412 1694 3455 a
1720 3396 1934 3472 legatis
1963 3394 2088 3457 vim
2115 3396 2202 3457 ab·

262 3478 542 3555 futuram,
567 3480 764 3541 donec
789 3477 1379 3541 causam'dixissent.
1411 3479 1608 3541 ierunt
1630 3479 1807 3541 etiam
1831 3479 1932 3543 alii
1952 3480 2221 3542 illustres
