2548 3950
406 262 536 328 130
728 259 958 322 Lmen
985 256 1251 320 xxxiv.
1298 254 1462 320 cAP.
1492 267 1546 318 5.
1570 265 1623 321 ε.
1668 256 1741 336 [a.
1764 262 1836 316 u.
1862 279 1911 315 ο.
1934 258 2060 335 557]

401 415 638 478 terdum
669 410 850 474 etiam
881 415 1113 473 trucem
1142 425 1287 470 esse
1319 409 1551 469 scimus
1582 423 1817 484 omnes,
1848 423 1989 469 cum
2017 407 2259 485 ingenio
2282 409 2357 472 sit

400 497 584 559 mitis.
668 512 808 556 nam
838 493 990 572 quid
1016 493 1264 556 tandem
1294 491 1439 553 novi
1482 498 1797 555 matronae
1841 491 2153 568 fecerunt,
2196 495 2354 570 quod

400 582 758 656 frequentes
788 577 850 639 in
880 593 1070 640 causa
1098 577 1180 636 ad
1207 591 1280 637 se
1308 574 1657 652 pertinente
1684 575 1747 634 in
1775 574 2089 650 publicum
2112 593 2355 652 proces·

398 671 652 729 serunt?
707 677 1039 738 numquam
1082 667 1228 722 ante
1255 659 1378 721 hoc
1406 667 1652 736 tempus
1681 657 1745 718 in
1774 657 2025 736 publico
2056 677 2354 737 apparue-

398 755 580 810 runt?
608 757 747 810 tuas
777 747 1081 807 adversus
1112 752 1172 804 te
1202 742 1483 820 Origines
1527 744 1861 804 revolvam.
1950 742 2169 820 accipe
2210 761 2355 821 quo·

397 829 559 894 tiens
588 829 654 891 id
684 827 962 902 fecerint,
993 836 1055 889 et
1084 827 1333 904 quidem
1362 843 1609 904 semper
1636 826 1803 888 bono
1834 826 2105 903 publico.
2175 826 2291 888 iam
2320 845 2357 889 a

397 913 735 993 principio,
786 919 1081 989 regnante
1121 911 1416 982 Romulo,
1471 928 1610 972 cum
1653 909 1951 986 Capitolio
1996 911 2073 971 ab
2118 911 2355 973 Sabinis

399 1007 581 1075 capto
611 995 862 1060 medio
847 1015 909 1058 ιιι
941 999 1075 1057 foro
1109 994 1305 1071 signis
1336 995 1576 1056 collat1s
1602 993 2011 1069 dimicaretur,
2040 1012 2246 1056 nonne
2273 997 2357 1056 in·

399 1090 678 1148 terem-su
718 1088 1130 1142 matronarum
1173 1078 1331 1139 inter
1367 1077 1536 1139 acies
1568 1080 1723 1139 duas
1754 1079 2055 1155 proelium
2086 1080 2359 1140 sedatum

399 1172 540 1227 est?
589 1163 782 1239 quid?
831 1162 1081 1238 regibus
1125 1161 1361 1223 exactis
1405 1178 1545 1223 cum
1587 1161 1910 1223 Coriolano
1941 1161 2172 1223 Marcio
2204 1163 2356 1228 duco

399 1246 677 1325 legiones
717 1249 1092 1308 Volscorum
1133 1256 1337 1321 castra
1378 1247 1459 1306 ad
1502 1244 1778 1321 quintum
1823 1245 2089 1320 lapidem
2117 1246 2360 1322 posuis-

399 1340 554 1408 sent,
585 1348 792 1394 nonne
820 1329 883 1392 id
904 1347 1142 1406 agmen,
1177 1347 1304 1406 quo
1337 1330 1555 1391 obruta
1573 1329 1730 1390 haec
1754 1331 1900 1391 urbs
1926 1337 2113 1404 esset,
2143 1339 2361 1391 matro-

399 1434 516 1479 nae
555 1423 947 1477 averterunt?
991 1415 1111 1476 iam
1152 1413 1306 1475 urbe
1348 1422 1527 1489 capta
1555 1431 1593 1474 a
1624 1412 1842 1487 Gallis,
1897 1429 2021 1488 quo
2050 1414 2366 1490 redempta

395 1501 549 1562 urbs
599 1507 737 1560 est?
784 1515 1003 1574 nempe
1045 1515 1260 1558 aurum
1303 1505 1618 1559 matronae
1653 1511 1966 1559 consensu
2009 1497 2275 1558 omnium
2305 1496 2364 1557 in

399 1583 711 1664 publicum
741 1584 1148 1643 contulerunt.
1237 1579 1518 1657 proximo
1551 1581 1749 1655 bello,
1800 1597 1878 1641 ne
1906 1579 2160 1657 antiqua
2185 1597 2366 1678 repe-

399 1675 541 1740 tam,
571 1681 778 1727 nonne
808 1673 869 1726 et
899 1681 1036 1725 cum
1066 1664 1334 1742 pecunia
1357 1681 1541 1740 opus
1552 1663 1677 1736 fuit,
1711 1665 2035 1725 viduarum
2064 1665 2367 1742 pecuniae

397 1749 763 1814 adiuverunt
809 1748 1140 1820 aerarium,
1187 1756 1248 1810 et
1291 1764 1429 1808 cum
1472 1747 1574 1808 dei
1616 1764 1869 1824 quoque
1898 1748 2045 1811 novi
2073 1749 2155 1809 ad
2185 1765 2369 1825 opem

399 1834 714 1897 ferendam
744 1830 947 1892 dubiis
977 1833 1164 1893 rebus
1191 1839 1673 1907 arcesserentur,
1702 1840 2017 1894 matronae
2038 1831 2369 1894 universae

399 1921 480 1980 ad
507 1933 676 1979 mare
707 1917 1024 1993 profectae
1056 1924 1200 1978 sunt
1231 1914 1313 1975 ad
1341 1923 1596 1977 matrem
1617 1916 1867 1978 Idaeam
1896 1915 2372 1994 accipiendam?

399 2001 749 2073 dissimileS,
782 1999 1008 2077 inquiS,
1039 2016 1267 2061 causae
1299 2008 1458 2061 sunt.
1516 2015 1631 2060 nec
1661 1999 1808 2061 mihi
1838 2016 2063 2062 causas
2094 2017 2373 2077 aequare

401 2084 788 2163 propositum
816 2093 940 2148 est:
970 2082 1118 2145 nihil
1145 2082 1294 2147 novi
1325 2085 1552 2147 factum
1574 2100 1839 2160 purgare
1870 2083 2021 2146 satis
2046 2092 2159 2147 est.
2206 2093 2370 2146 cete-

397 2187 532 2231 rum
557 2171 726 2247 quod
747 2167 809 2230 in
831 2169 1018 2232 rebus
1040 2169 1121 2229 ad
1145 2166 1345 2231 omnis
1374 2168 1601 2243 pariter
1621 2166 1793 2229 viros
1818 2168 2204 2245 feminasque
2228 2186 2375 2245 per-

395 2254 730 2318 tinentibus
763 2253 990 2316 fecisse
1020 2269 1128 2314 cas
1158 2268 1340 2314 nemo
1374 2250 1770 2333 miratusest‚
1803 2250 1865 2312 in
1896 2268 2087 2313 causa
2113 2252 2378 2329 proprie

399 2339 478 2400 ad
497 2338 670 2414 ipsas
689 2336 1033 2413 pertinente
1048 2335 1338 2397 miramur
1359 2334 1630 2397 fecisse?
1651 2334 1801 2411 quid
1823 2343 2026 2397 autem
2048 2336 2381 2398 fecerunt?

402 2422 726 2497 superbas,
756 2436 853 2481 me
883 2420 1024 2481 dius
1053 2418 1270 2492 fidius,
1303 2435 1486 2481 aures
1517 2420 1846 2492 habemus,
1882 2419 1936 2481 si
1967 2436 2106 2482 cum
2135 2420 2382 2482 domini

305 2557 323 2586 ‹,
399 2520 719 2565 servorum
750 2520 872 2564 non
917 2501 1229 2563 fastidiant
1257 2519 1515 2579 preces»,
1562 2519 1679 2565 nos
1722 2504 1925 2580 rogari
1966 2505 2042 2564 ab
2085 2505 2382 2567 honestis

400 2586 640 2649 feminis
669 2585 1075 2661 indignamur.
1135 2586 1242 2646 VI.
1274 2585 1455 2648 venio
1488 2603 1650 2647 nunc
1680 2587 1759 2647 ad
1789 2586 1853 2647 id
1883 2589 1962 2649 de
1993 2605 2117 2664 quo
2148 2588 2381 2666 agitur.

398 2670 460 2731 in
500 2688 623 2747 quo
666 2671 897 2745 duplex
939 2668 1214 2732 consulis
1247 2669 1441 2731 oratio
1488 2670 1629 2731 fuit:
1682 2687 1823 2731 nam
1853 2677 1914 2732 et
1955 2673 2154 2749 legem
2180 2674 2387 2734 ullam

400 2752 647 2816 omnino
679 2752 967 2830 abrogari
995 2760 1091 2815 est
1118 2752 1491 2831 indignatus,
1522 2762 1583 2815 et
1612 2771 1749 2815 eam
1783 2755 2117 2832 praecipue
2146 2758 2384 2833 legem,

397 2854 558 2914 quae
587 2836 866 2908 luxuriae
894 2836 1216 2900 muliebris
1249 2840 1637 2899 coercendae
1662 2854 1855 2900 causa
1884 2840 2007 2900 lata
2034 2848 2227 2901 esset.
2322 2850 2389 2901 et

393 2920 499 2982 illa
539 2920 879 2983 communis
924 2938 1036 2998 pro
1086 2920 1328 2996 legibus
1366 2920 1507 2982 visa
1536 2923 1877 2984 consularis
1912 2922 2107 2985 oratio
2140 2932 2274 2998 est,
2323 2931 2390 2986 et

397 3004 549 3067 llaec
578 3008 882 3067 adversus
920 3004 1224 3067 luxuriam
1268 3003 1683 3067 severissimis
1724 3005 2002 3068 moribus
2034 3006 2387 3069 convenie-

389 3090 515 3152 bat.
585 3090 794 3167 itaque
827 3088 1164 3165 periculum
1205 3097 1349 3162 est,
1394 3087 1514 3150 nisi
1555 3089 1704 3165 quid
1739 3088 1801 3150 in
1832 3098 2095 3167 utraque
2124 3108 2193 3153 re
2226 3090 2393 3151 vani

393 3174 473 3235 sit
499 3171 912 3246 docuerimuS,
943 3189 1022 3234 ne
1053 3172 1195 3271 quis
1224 3189 1398 3235 error
1426 3172 1609 3235 vobis
1635 3173 2006 3237 offundatur.
2054 3190 2171 3251 ego
2201 3173 2394 3235 enim

395 3273 579 3333 quem
606 3258 688 3318 ad
716 3258 966 3319 modum
996 3273 1078 3317 ex
1115 3256 1191 3318 iis
1220 3255 1497 3333 legibus,
1542 3273 1703 3333 quae
1734 3274 1855 3319 non
1886 3257 1952 3318 in
1979 3267 2235 3335 tempus
2266 3256 2393 3321 ali-

392 3341 564 3415 quod
586 3340 698 3401 sed
723 3348 1056 3416 perpetuae
1078 3339 1354 3403 utilitatis
1377 3357 1571 3402 causa
1597 3340 1660 3401 in
1683 3349 2001 3404 aeternum
2026 3343 2183 3404 latae
2206 3324 2397 3427 sunt,

390 3424 617 3483 nullam
645 3423 927 3497 abrogari
957 3424 1186 3485 debere
1217 3426 1445 3500 fateor,
1485 3424 1607 3487 nisi
1656 3442 1841 3501 quam
1870 3434 1979 3487 aut
2007 3442 2161 3489 usus
2194 3442 2347 3491 coa

391 3504 537 3581 gun,
561 3516 665 3567 aut
689 3514 882 3567 status
905 3506 1130 3582 aliquis
1159 3506 1248 3569 rei
1270 3507 1559 3583 publicae
1583 3507 1864 3571 inutilem
1896 3508 2065 3585 fecit,
2088 3509 2179 3572 sic
2215 3528 2405 3587 qua.
