2548 3950
589 268 820 330 LIBER
841 269 1048 330 XXXI.
1096 269 1260 330 cAP.
1286 279 1337 330 2.
1361 278 1413 331 3.
1440 279 1491 331 4.
1534 277 1603 344 [a.
1632 276 1845 342 e.201]
2180 269 2221 332 3

253 425 692 500 populationes
725 424 876 486 satis
909 439 1211 500 prospere
1241 439 1313 484 ac
1342 431 1471 485 tuto
1502 424 1661 484 fecit.
1728 423 1965 484 delecto
1998 423 2223 484 deinde

253 511 334 570 ad
365 514 634 568 castrum
663 507 940 569 Mutilum
981 508 1131 569 satis
1163 508 1389 568 idoneo
1425 509 1565 568 loco
1598 508 1677 566 ad
1707 508 2071 568 demetenda
2101 509 2219 566 fru-

253 603 458 652 menta
483 590 718 650 -iam
759 591 920 652 enim
960 597 1235 652 maturae
1277 598 1451 652 erant
1500 596 1745 666 segetes
1772 622 1858 634 -—
1886 593 2220 666 profectuS,

251 691 457 751 neque
489 675 812 750 explorato
843 676 1024 748 circa,
1072 691 1186 735 nec
1216 675 1584 736 stationibus
1616 674 1768 735 satis
1800 675 2010 749 firmis,
2058 692 2221 750 quae

253 766 524 820 armatae
563 757 831 818 inermes
875 766 1060 834 atque
1091 759 1262 834 operi
1292 758 1556 820 intentos
1584 765 1953 832 tutarentur,
1996 759 2219 835 positis

249 841 591 919 improviso
632 841 864 917 impetu
895 841 1204 903 Gallorum
1234 856 1370 902 cum
1410 842 1948 903 frumentatoribus
1982 850 2077 903 est
2104 841 2220 902 cir·

253 932 636 990 eumventus.
692 925 836 985 inde
868 941 1062 1000 pavor
1092 927 1362 1000 rugaque
1392 927 1571 986 etiam
1603 933 1868 986 armatos
1901 927 2079 1001 cepit.
2140 927 2217 986 ad

252 1015 493 1087 septem
544 1010 710 1068 milia
755 1008 1070 1069 hominum
1125 1011 1329 1084 palata
1368 1025 1482 1084 per
1524 1015 1767 1082 segetes
1814 1017 1958 1069 sunt
2001 1025 2219 1078 caesa;

249 1095 408 1154 inter
448 1109 607 1169 quos
650 1092 788 1168 ipse
831 1091 892 1153 C.
928 1092 1188 1167 Ampius
1233 1094 1612 1168 praefectus=
1684 1093 1870 1154 ceteri
1911 1094 1975 1152 in
2016 1099 2221 1172 castra

247 1185 417 1240 metu
457 1175 778 1253 compulsi.
819 1176 992 1235 'inde
1035 1177 1167 1237 sine
1211 1183 1378 1238 certo
1424 1178 1581 1237 duce
1624 1192 1939 1238 consensu
1979 1177 2217 1238 militari

251 1262 535 1339 proxima
561 1267 744 1320 nocte
771 1261 982 1320 relicta
1009 1275 1233 1336 magna
1262 1267 1439 1336 parte
1466 1277 1670 1321 rerum
1694 1277 1945 1322 suarum
1969 1262 2049 1322 ad
2072 1278 2215 1321 con-

249 1347 475 1414 sulem,
494 1361 606 1420 per
649 1344 841 1404 saltus
875 1359 1072 1420 prope
1101 1344 1301 1404 invios
1331 1360 1690 1420 pervenere.
1764 1345 1869 1419 qui
1899 1345 2017 1404 nisi
2048 1345 2218 1418 quod

248 1429 585 1506 populatus
629 1432 727 1489 est
763 1427 1055 1488 Boiorum
1095 1428 1234 1487 finis
1280 1437 1341 1488 et
1380 1445 1517 1489 curn
1560 1427 1849 1501 Ingaunis
1889 1427 2214 1502 Liguribus

253 1513 480 1574 foedus
527 1513 698 1584 fecit,
742 1511 888 1570 nihil
935 1513 1102 1586 quod
1142 1520 1312 1571 esset
1352 1512 1743 1571 memorabile
1786 1511 1952 1570 aliud
1980 1513 2039 1571 in
2072 1528 2211 1587 pro-

247 1596 454 1657 vincia
483 1611 622 1656 cum
651 1595 970 1670 gessisset,
1005 1597 1264 1656 Romam
1290 1593 1489 1656 rediit.

415 1679 515 1738 111.
563 1678 709 1740 Cum
741 1679 1001 1754 primum
1029 1685 1311 1739 senatum
1338 1679 1550 1740 habuit
1570 1679 1875 1740 universis
1899 1682 2214 1755 postulan-

253 1763 446 1838 tibus,
486 1779 565 1823 ne
597 1779 780 1838 quam
811 1763 982 1838 prius
1012 1779 1142 1822 rem
1171 1779 1356 1838 quam
1384 1765 1463 1824 de
1490 1763 1770 1838 Philippo
1800 1780 1873 1824 ac
1904 1766 2215 1825 sociorum

253 1847 522 1926 querelis
566 1851 803 1922 ageret,
843 1847 1100 1907 relatum
1147 1851 1451 1923 extemplo
1498 1855 1624 1916 est;
1672 1848 2067 1922 decrevitque
2097 1850 2213 1908 fre·

256 1945 456 2008 quens
501 1938 784 2006 senatuS,
827 1939 894 1991 ut
935 1930 998 1989 P.
1028 1932 1244 1993 Aelius
1288 1933 1533 2001 consul,
1588 1946 1768 2006 quem
1800 1931 2110 1993 videretur
2140 1932 2215 2007 ei,

251 2033 393 2077 cum
420 2016 677 2092 imperio
707 2018 983 2090 mitteret,
1016 2016 1118 2090 qui
1152 2017 1356 2077 classe
1384 2024 1658 2091 accepta,
1693 2033 1875 2091 quam
1908 2033 1984 2076 ex
2010 2016 2218 2077 Sicilia

251 2100 358 2161 Cn.
393 2098 678 2160 Octavius
709 2099 1052 2174 reduceret,
1083 2101 1142 2159 in
1173 2100 1597 2161 Macedoniam
1627 2101 1925 2161 traiceret.
1976 2101 2057 2159 M.
2088 2103 2212 2161 Va-

247 2184 439 2245 lerius
467 2184 771 2245 Laevinus
802 2192 1169 2259 propraetor
1195 2183 1425 2245 missus
1457 2186 1621 2244 circa
1644 2184 1951 2244 Vibonem
1982 2185 2213 2244 duode-

250 2268 658 2344 quadraginta
695 2268 955 2329 navibus
1001 2270 1076 2327 ab
1110 2267 1212 2327 Cn.
1248 2268 1500 2327 Octavio
1532 2269 1806 2341 acceptis
1837 2268 1897 2325 in
1924 2266 2211 2326 Macedo-

248 2353 415 2412 niam
441 2352 792 2413 transmisit.
839 2352 920 2411 ad
950 2367 1131 2427 quem
1162 2368 1298 2411 curn
1320 2352 1400 2409 Μ.
1427 2351 1715 2411 Aurelius
1747 2352 1980 2425 legatus
2008 2350 2212 2410 venis-

247 2444 376 2508 set,
440 2436 919 2511 edocuissetque
976 2451 1116 2494 eum
1186 2444 1452 2510 quantos
1508 2433 1847 2509 exercituS,
1924 2440 2213 2509 quantum

245 2520 498 2581 navium
523 2535 840 2580 numerum
864 2527 1289 2595 comparasset
1308 2536 1438 2591 rex,
1473 2534 1656 2595 quem
1678 2519 1758 2578 ad
1781 2519 2025 2579 modum
2052 2519 2213 2579 circa

249 2604 453 2667 omnis
481 2620 606 2665 non
638 2604 1002 2664 continentis
1026 2604 1210 2663 modo
1233 2604 1421 2663 urbes
1446 2604 1559 2664 sed
1586 2604 1765 2663 etiam
1788 2604 2041 2674 insulaS,
2072 2621 2208 2679 par-

247 2690 355 2749 tim
385 2688 524 2764 ipse
551 2688 836 2749 adeundo
866 2688 1086 2764 partim
1110 2704 1221 2763 per
1248 2690 1505 2763 legatos,
1537 2688 1808 2748 conciret
1827 2686 2108 2748 homines
2133 2688 2213 2746 ad

245 2788 452 2843 arma3
508 2772 741 2842 maiore
789 2778 1011 2833 conatu
1050 2773 1345 2832 Romanis
1387 2772 1452 2832 id
1492 2772 1943 2847 capessendum
1983 2772 2212 2832 bellum

247 2872 414 2930 esse,
443 2872 522 2915 ne
552 2856 973 2917 cunctantibus
1002 2856 1078 2915 iis
1106 2856 1361 2916 auderet
1382 2856 1719 2931 Philippus,
1755 2857 1922 2932 quod
1935 2855 2213 2935 Pyrrhus

247 2939 426 3015 prius
464 2956 653 3000 ausus
697 2955 776 2998 ex
805 2940 1116 3015 aliquanto
1146 2941 1384 3000 minore
1410 2955 1604 3015 regno
1636 2947 1831 3000 esset:
1876 2942 2032 3001 haec
2062 2940 2215 3001 scri-

245 3024 399 3085 bere
428 3024 644 3085 eadem
673 3024 988 3083 Aurelium
1018 3024 1377 3085 consulibus
1409 3022 1775 3099 senatuique
1802 3024 2051 3099 placuit.

409 3108 515 3165 lv.
561 3108 744 3167 Exitu
785 3107 967 3169 huius
1011 3108 1152 3169 anni
1183 3124 1321 3169 cum
1352 3108 1431 3171 de
1461 3108 1625 3182 agris
1655 3115 1929 3167 veterum
1958 3109 2213 3171 militum

246 3193 508 3251 relatum
546 3200 742 3267 esset,
789 3189 895 3267 qui
935 3192 1123 3253 ductu
1163 3198 1350 3267 atque
1393 3190 1671 3265 auspicio
1700 3190 1762 3248 P.
1796 3190 2104 3265 Scipionis
2150 3194 2211 3254 in

247 3276 459 3336 Africa
486 3274 713 3336 bellum
743 3275 1167 3351 perfecissent,
1212 3274 1619 3334 decreverunt
1649 3281 1875 3351 patreS,
1906 3284 1974 3335 ut
2000 3275 2080 3335 Μ.
2112 3278 2209 3338 Iu-

249 3375 390 3421 mus
416 3365 668 3435 praetor
695 3358 882 3434 urbiS,
914 3357 967 3418 si
995 3357 1051 3417 ei
1079 3358 1405 3433 videretur,
1438 3358 1822 3421 decemviros
1853 3374 2001 3435 agro
2036 3359 2207 3423 Sam·

247 3441 355 3503 niti
386 3444 736 3519 Apuloque,
784 3443 951 3518 quod
982 3442 1116 3503 eius
1146 3440 1455 3517 publicum
1486 3442 1702 3517 populi
1731 3443 1989 3505 Romani
2021 3453 2208 3519 esset,

247 3526 556 3589 metiendo
607 3527 1062 3600 dividendoque
1117 3535 1369 3587 crearet.
1438 3526 1622 3588 creati
1668 3526 1735 3587 P.
1788 3527 2084 3589 Servilius
2138 3526 2206 3602 Q.

1713 3610 1793 3673 1*
