2548 3950
520 252 752 314 LIBER
771 251 1038 314 XXXIV.
1084 253 1248 312 CAP.
1277 261 1366 318 37.
1389 263 1477 318 38.
1519 262 1592 330 [a.
1616 261 1682 314 C·
1707 263 1831 331 195]
2021 256 2144 322 157

168 406 438 467 aiebant.
483 401 581 462 his
621 402 880 463 vocibus
909 403 1192 464 incitatus
1220 411 1520 484 tyrannus
1550 413 1612 471 et
1631 407 1996 473 Antiochum
2021 411 2141 471 Ae·

167 490 465 564 tolosque
493 485 811 547 adiuturos
833 488 1205 563 pronuntiat,
1220 495 1285 549 et
1306 489 1423 550 sibi
1447 492 1525 550 ad
1548 491 1934 553 obsidionem
1957 497 2142 556 susti·

167 573 440 634 nondam
482 571 799 645 copiarum
838 570 1090 632 adfatim
1131 587 1296 633 esse.
1361 575 1678 636 exciderat
1711 580 1884 651 pacis
1913 580 2138 640 mentio

169 673 252 718 ex
279 654 554 718 omnium
584 653 833 727 animiS‚
866 662 927 716 et
955 655 1015 715 in
1046 656 1346 718 stationes
1376 673 1500 718 non
1528 660 1687 719 ultra
1719 661 1980 735 quieturi
2014 662 2140 722 dis·

170 746 443 802 currunt.
479 753 819 814 paucorum
844 741 1131 801 excursio
1156 742 1592 803 lacessentium
1614 748 1674 803 et
1696 744 1926 806 emissa
1945 745 2143 806 iacula

168 823 483 900 extemplo
514 829 575 884 et
593 821 888 884 Romanis
919 823 1375 898 dubitationem,
1409 826 1554 901 quin
1577 827 1925 888 bellandum
1957 837 2141 903 esset,

169 913 551 970 exemerunt.
616 906 777 967 levia
815 904 959 966 inde
1000 906 1236 983 proelia
1279 924 1392 984 per
1435 910 1843 984 quadriduum
1883 910 2142 988 primum

169 993 312 1053 sine
351 991 479 1053 ullo
522 991 674 1052 satis
703 995 871 1051 certo
905 997 1129 1052 eventu
1159 993 1508 1054 commissa.
1578 994 1787 1070 quinto
1819 996 1919 1055 die
1947 1011 2143 1071 prope

168 1076 335 1138 iusta
389 1091 599 1151 pugna
648 1075 806 1136 adeo
857 1082 1159 1149 paventes
1212 1075 1274 1136 in
1328 1076 1624 1155 oppidum
1675 1077 2143 1140 Lacedaemonii

169 1161 479 1236 compulsi
508 1165 667 1234 sunt,
697 1163 764 1218 ut
792 1157 1043 1234 quidam
1072 1159 1293 1220 milites
1314 1161 1570 1221 Romani
1593 1167 1766 1238 terga
1787 1162 2141 1238 rugientium

171 1245 507 1306 caedentes
550 1258 664 1318 per
704 1241 1083 1319 intermissa,
1125 1249 1194 1303 ut
1232 1248 1377 1305 tunc
1405 1251 1608 1321 erant,
1654 1247 1898 1306 moenia
1923 1246 2135 1308 urbem

168 1328 470 1390 intrarint.

341 1411 663 1474 XXXVIII.
706 1412 784 1473 Et
809 1418 958 1474 tunc
990 1410 1236 1486 quidem
1262 1410 1596 1487 QuinctiuS,
1629 1413 1780 1474 satis
1805 1428 1881 1472 eo
1912 1419 2145 1473 terrore

171 1495 458 1557 coercitis
500 1497 976 1557 excursionibus
1006 1494 1307 1567 hostium,
1352 1494 1499 1554 nihil
1528 1501 1777 1571 praeter
1805 1495 2002 1571 ipsius
2033 1511 2144 1572 op-

168 1579 610 1656 pugnationem
636 1580 808 1642 urbis
839 1593 1175 1655 superesse
1203 1584 1391 1652 ratus
1432 1579 1640 1641 missis
1671 1579 1778 1657 qui
1809 1580 2008 1641 omnis
2036 1596 2140 1641 na·

169 1665 330 1725 valis
360 1662 571 1725 socios
601 1681 639 1725 a
662 1663 884 1742 Gythio
917 1669 1324 1737 arcesserent,
1353 1662 1492 1739 ipse
1519 1662 1760 1725 interim
1789 1680 1926 1724 cum
1955 1665 2143 1726 tribu-

170 1749 271 1809 nis
283 1747 539 1809 militum
551 1748 632 1807 ad
653 1747 981 1809 visendum
999 1745 1170 1808 urbis
1194 1746 1378 1808 situm
1402 1749 1643 1808 moenia
1658 1745 2144 1809 circumvehitur.

171 1834 375 1894 suerat
422 1831 736 1907 quondam
777 1832 912 1892 sine
952 1847 1127 1892 muro
1159 1829 1414 1906 Sparta:
1470 1831 1718 1909 tyranni
1762 1841 1960 1907 nuper
1987 1831 2144 1893 locis

170 1915 524 1993 patentibus
567 1913 893 1991 planisque
934 1913 1286 1975 obiecerant
1323 1929 1597 1985 murum,
1654 1913 1871 1977 altiora
1908 1916 2048 1977 loca
2086 1924 2145 1978 et

171 2000 451 2061 difficilia
489 1998 658 2060 aditu
688 1998 1051 2061 stationibus
1080 2004 1448 2058 armatorum
1482 2015 1595 2073 pro
1627 1999 2004 2061 munimento
2035 2000 2142 2061 ob-

169 2083 352 2147 iectis
393 2083 760 2145 tutabantur.
820 2082 926 2144 ubi
968 2081 1119 2143 satis
1164 2080 1368 2141 omnia
1410 2082 1709 2157 inspexit,
1756 2099 1990 2145 corona
2031 2100 2138 2159 op-

167 2167 573 2245 pugnandum
610 2173 783 2228 ratus
826 2165 1110 2228 omnibus
1150 2164 1348 2239 copiis
1376 2198 1463 2212 -
1491 2173 1664 2227 erant
1691 2173 1892 2228 autem
1919 2168 2143 2229 Roma-

168 2267 396 2315 norum
436 2250 870 2327 sociorumque
883 2296 899 2326 ,
953 2250 1135 2312 simul
1173 2249 1449 2324 peditum
1493 2249 1891 2326 equitumque
1906 2295 1922 2322 ,
1967 2250 2146 2311 simul

170 2334 550 2398 terrestrium
577 2350 652 2395 ac
680 2335 986 2396 navalium
1014 2333 1327 2409 copiarum
1342 2379 1359 2406 ,
1402 2332 1483 2394 ad
1513 2332 1956 2409 quinquaginta
1983 2334 2148 2393 milia

168 2420 489 2482 hominum
515 2452 588 2464 -
612 2419 828 2481 urbem
858 2418 1064 2479 cinxit.
1108 2417 1209 2477 alii
1238 2418 1461 2492 scalas,
1493 2416 1594 2478 alii
1622 2417 1844 2492 ignem,
1876 2417 1979 2478 alii
2008 2417 2144 2487 alia.

172 2504 402 2581 quibus
442 2519 567 2565 non
598 2509 1032 2580 oppugnarent
1055 2501 1242 2563 modo
1270 2502 1388 2561 sed
1416 2501 1598 2563 etiam
1626 2509 1956 2575 terrerent,
2001 2517 2145 2578 por·

168 2589 403 2650 tabant.
470 2586 626 2648 iussi
672 2588 940 2650 clamore
968 2585 1210 2648 sublato
1243 2585 1452 2647 subire
1488 2586 1762 2663 undique
1792 2601 2007 2649 omnes
2022 2633 2039 2662 ,
2082 2593 2150 2647 ut

171 2688 301 2749 qua
343 2670 605 2747 primum
646 2677 1039 2733 occurrerent
1078 2685 1282 2746 quave
1315 2686 1496 2746 opem
1527 2671 1787 2744 ferrent,
1830 2670 1912 2732 ad
1941 2671 2148 2733 omnia

170 2756 356 2817 simul
386 2762 683 2831 paventes
704 2754 1176 2817 Lacedaemonii
1201 2754 1571 2831 ignorarent.
1619 2755 1787 2831 quod
1814 2755 2061 2819 roboris
2085 2756 2148 2815 in

170 2840 450 2901 exercitu
492 2846 651 2913 erat,
694 2839 986 2900 trifariam
1028 2839 1310 2901 divisum.
1382 2846 1558 2915 parte
1596 2855 1718 2900 una
1760 2856 1798 2900 a
1836 2839 2146 2914 Phoebe0‚

174 2926 369 2987 altera
395 2939 434 2983 a
460 2923 838 3002 Dictynneo,
884 2923 1063 2992 tertia
1102 2923 1180 2985 ab
1223 2939 1298 2985 eo
1328 2923 1468 2985 loco
1507 2939 1690 2999 quem
1722 2923 2146 2999 Heptagonias

172 3008 490 3085 appellant
518 3040 594 3052 ——
623 3007 827 3068 omnia
874 3014 1077 3069 autem
1124 3007 1281 3069 haec
1330 3014 1544 3083 aperta
1597 3007 1732 3067 sine
1783 3022 1958 3067 muro
2009 3008 2150 3067 loca

171 3099 319 3153 sunt
337 3122 425 3137 --
452 3091 709 3167 adgredi
746 3091 933 3153 iubet.
1001 3105 1141 3151 cum
1166 3098 1372 3152 tantus
1401 3090 1677 3165 undique
1705 3095 1905 3149 terror
1933 3088 2148 3150 urbem

172 3176 688 3250 circumvasisset,
718 3175 916 3250 primo
944 3182 1244 3254 tyrannus
1274 3182 1336 3234 et
1357 3175 1438 3234 ad
1462 3175 1764 3233 clamores
1788 3172 2144 3247 repentinos

171 3268 233 3321 et
260 3260 344 3321 ad
383 3258 630 3322 nuntios
670 3259 946 3335 trepidos
989 3266 1221 3331 motus,
1262 3264 1333 3318 ut
1371 3257 1638 3333 quisque
1683 3256 1950 3316 maxime
1977 3256 2143 3317 labo-

168 3344 349 3405 rabat
396 3346 606 3417 locus,
656 3350 762 3405 aut
810 3344 948 3418 ipse
998 3342 1364 3403 occurrebat
1414 3348 1519 3403 aut
1561 3340 1806 3416 aliquos
1855 3340 2144 3402 mittebat.

170 3427 399 3489 deinde
444 3428 814 3490 circumfuso
856 3426 1130 3503 undique
1170 3431 1409 3504 pavore
1436 3425 1521 3487 ita
1553 3423 1893 3502 obtorpuit,
1936 3431 2005 3486 ut
2032 3440 2145 3485 nec

171 3513 380 3573 dicere
425 3512 594 3589 quod
633 3512 695 3573 in
736 3527 866 3572 rem
908 3518 1079 3573 esset
1117 3527 1232 3572 nec
1276 3510 1489 3571 audire
1526 3515 1775 3585 posset.
1821 3524 1934 3569 nec
1963 3509 2148 3586 inops
