2548 3950
560 212 793 275 LIBER
812 214 1081 275 XXXVI.
1125 214 1293 276 CAP.
1315 224 1404 277 40.
1448 222 1523 287 [a.
1549 222 1614 280 e.
1638 224 1763 290 191]
2010 220 2138 285 255

163 366 515 443 postulare.
563 364 632 439 Q.
653 363 984 425 Minucium
1012 362 1327 425 confidere
1353 363 1528 425 brevi
1556 367 1829 429 subactis
1856 369 1933 430 iis
1956 374 2107 434 meri

163 458 302 510 tum
344 448 714 523 triumphum
754 449 1201 524 postulaturum
1241 454 1428 524 atque
1468 450 1925 526 impetraturum
1969 470 2136 516 esse.

161 550 245 595 se
276 532 354 593 de
379 532 566 593 Gallis
587 532 758 595 Boiis
789 534 1103 607 postulare
1130 532 1521 609 triumphum,
1554 550 1711 609 quos
1740 536 1875 597 acie
1900 538 2133 616 vicerit,

162 617 394 679 castris
425 616 679 691 exuerit,
710 632 970 691 quorum
997 623 1238 691 gentem
1267 616 1453 678 biduo
1485 624 1629 692 post
1650 634 1918 694 pugnam
1947 629 2135 684 totam

161 700 484 775 acceperit
509 700 570 760 in
600 698 970 761 deditionem
988 743 1004 773 ,
1034 716 1073 759 a
1103 700 1329 775 quibus
1359 700 1615 763 obsides
1642 702 1991 778 abduxerit,
2024 724 2131 781 pa-

163 784 266 845 cis
308 786 546 845 futurae
597 784 840 860 pignus.
906 798 1120 843 verum
1161 784 1472 845 enimvero
1518 785 1667 846 illud
1705 789 1893 849 multo
1935 791 2133 851 maius

164 883 347 941 esse,
395 867 566 943 quod
603 873 832 929 tantum
871 881 1188 928 numerum
1218 867 1525 929 Gallorum
1566 870 1861 932 occiderit
1886 872 1949 933 in
1978 874 2130 950 acie,

165 952 346 1027 quod
387 968 526 1011 cum
557 958 644 1013 tot
669 951 918 1012 milibus
947 956 1113 1011 certe
1136 950 1432 1013 Boiorum
1462 968 1641 1016 nemo
1671 961 1811 1015 ante
1840 970 1911 1016 se
1938 956 2131 1033 impe-

161 1040 337 1096 rator
366 1036 745 1111 pugnaverit.
811 1036 950 1111 plus
980 1040 1213 1109 partem
1245 1034 1555 1097 dimidiam
1584 1052 1664 1097 ex
1692 1038 2135 1116 quinquaginta

163 1120 418 1179 milibus
451 1118 762 1181 hominum
794 1134 1070 1195 caesam,
1108 1121 1296 1181 multa
1321 1119 1487 1181 milia
1514 1127 1724 1197 capta;
1764 1137 1951 1185 senes
1980 1141 2130 1201 pue·

162 1218 404 1279 rosque
414 1203 585 1264 Boiis
608 1217 962 1278 superesse.
995 1202 1202 1279 itaque
1216 1202 1276 1263 id
1302 1219 1671 1281 quemquam
1692 1206 1896 1269 mirari
1918 1224 2121 1284 posse,

165 1304 286 1347 cur
324 1288 520 1348 victor
561 1287 896 1361 exercitum,
939 1302 1078 1347 cum
1116 1287 1361 1349 hostem
1389 1288 1451 1348 in
1483 1287 1800 1364 provincia
1828 1292 2124 1358 neminem

163 1372 539 1447 reliquisset,
554 1373 810 1433 Romam
833 1371 1065 1431 venerit
1077 1371 1155 1430 ad
1179 1371 1614 1433 celebrandum
1624 1374 1899 1450 consulis
1922 1376 2123 1436 trium-

162 1454 403 1531 phum?
446 1466 705 1530 quorum
751 1456 1002 1516 militum
1044 1454 1098 1516 si
1133 1461 1196 1514 et
1221 1455 1282 1514 in
1324 1454 1444 1516 alia
1479 1455 1799 1532 provincia
1825 1472 2019 1533 opera
2044 1459 2131 1519 uti

165 1547 424 1600 senatus
477 1539 645 1615 velit,
695 1546 831 1600 utro
875 1539 1118 1599 tandem
1162 1539 1347 1600 modo
1390 1540 1803 1614 promptiores
1846 1542 1925 1601 ad
1966 1543 2131 1609 aliud

163 1622 510 1700 periculum
549 1638 899 1700 novumque
927 1623 1198 1683 laborem
1227 1623 1422 1684 ituros
1453 1624 1691 1696 credat,
1732 1624 1788 1685 si
1814 1627 2131 1699 persoluta

167 1708 264 1768 eis
307 1708 442 1769 sine
481 1708 918 1769 detractatione
959 1707 1182 1783 prioris
1225 1707 1481 1783 periculi
1509 1707 1865 1785 laborisque
1890 1725 2129 1770 merces

169 1794 278 1865 sit,
333 1808 410 1851 an
453 1792 506 1852 si
545 1807 722 1867 spem
772 1808 884 1867 pro
922 1806 993 1851 re
1032 1791 1299 1852 ferentes
1341 1791 1637 1852 dimittant
1675 1792 1795 1852 iam
1837 1795 2028 1854 semel
2068 1794 2131 1853 in

172 1876 368 1951 prima
409 1890 522 1951 spe
563 1878 904 1951 deceptos?
954 1890 1096 1935 nam
1124 1876 1294 1951 quod
1321 1876 1401 1936 ad
1430 1891 1501 1936 se
1528 1875 1807 1952 attineat,
1852 1876 1973 1937 sibi
2000 1877 2130 1951 glo-

167 1961 300 2021 riae
328 1958 389 2020 in
421 1977 660 2022 omnem
688 1960 870 2022 vitam
898 1960 1000 2022 illo
1032 1958 1133 2020 die
1162 1960 1313 2021 satis
1344 1959 1686 2035 quaesitum
1715 1975 1875 2036 esse,
1907 1977 2030 2036 quo
2059 1977 2132 2021 se

170 2044 370 2104 virum
400 2045 692 2122 optimum
715 2045 1042 2105 iudicatum
1064 2044 1143 2104 ad
1168 2043 1589 2120 accipiendam
1609 2051 1862 2105 matrem
1882 2044 2133 2106 Idaeam

170 2129 444 2190 misisset
465 2135 736 2190 senatus.
779 2128 899 2190 hoc
919 2128 1108 2204 titulo,
1133 2127 1248 2188 etsi
1270 2142 1385 2188 nec
1407 2129 1763 2190 consulatus
1788 2143 1903 2189 nec
1925 2129 2133 2190 trium-

173 2211 333 2287 phus
363 2213 640 2288 addatur,
683 2212 833 2274 satis
863 2211 1182 2274 honestam
1209 2211 1694 2288 honoratamque
1721 2211 1785 2270 P.
1820 2211 2129 2287 Scipionis

171 2297 434 2357 Nasicae
462 2295 784 2372 imaginem
815 2297 967 2357 fore.
1010 2295 1339 2356 universus
1362 2301 1614 2356 senatus
1638 2311 1761 2355 non
1783 2294 1922 2370 ipse
1943 2295 2129 2357 modo

172 2381 253 2441 ad
293 2380 745 2441 decernendum
785 2379 1155 2455 triumphum
1198 2380 1540 2452 consensit,
1582 2379 1698 2439 sed
1737 2379 1917 2438 etiam
1943 2378 2129 2439 tribu—

171 2481 318 2524 num
346 2464 546 2539 plebis
575 2464 933 2526 auctoritate
955 2479 1069 2524 sua
1090 2464 1383 2539 compulit
1402 2462 1479 2522 ad
1502 2463 1925 2524 remittendam
1948 2461 2131 2523 inter-

174 2547 542 2608 cessionem.
607 2548 670 2608 P.
705 2545 1020 2610 Cornelius
1051 2549 1268 2609 consul
1298 2547 1689 2623 triumphavit
1717 2547 1795 2606 de
1822 2546 2014 2607 Boiis.
2070 2545 2133 2605 in

173 2646 248 2693 eo
299 2631 605 2708 triumpho
651 2633 895 2693 Gallicis
937 2631 1243 2707 carpentis
1284 2646 1455 2691 arma
1491 2631 1793 2708 signaque
1834 2637 1894 2691 et
1935 2629 2131 2706 spolia

173 2716 374 2776 omnis
401 2718 646 2792 generis
673 2717 952 2790 travexit,
983 2723 1045 2777 et
1069 2732 1224 2778 vasa
1251 2729 1447 2776 aenea
1476 2714 1736 2784 Gallica;
1780 2721 1843 2776 et
1870 2730 2007 2776 cum
2032 2729 2130 2773 ca-

172 2799 355 2875 ptivis
397 2798 702 2861 nobilibus
747 2817 1046 2876 equorum
1084 2815 1335 2876 quoque
1378 2806 1695 2876 captorum
1710 2813 1981 2875 ‘gregem
2011 2804 2131 2858 tra-

173 2883 365 2944 duxit.
432 2899 654 2944 aureos
694 2890 948 2960 torques
991 2885 1295 2945 transtulit
1332 2883 1494 2945 mille
1525 2883 2003 2960 quadringentos
2034 2895 2131 2940 se-

175 2967 488 3044 ptuaginta
516 2983 730 3042 unum,
773 2969 853 3028 ad
881 2969 1002 3028 hoc
1029 2966 1164 3030 auri
1190 2967 1402 3044 pondo
1434 2968 1699 3028 ducenta
1729 2965 2134 3041 quadraginta

173 3057 442 3127 septem,
486 3053 721 3127 argenti
751 3051 956 3112 infecti
986 3052 1252 3126 factique
1280 3051 1342 3110 in
1372 3050 1617 3110 Gallicis
1646 3048 1847 3122 vasis,
1890 3063 2013 3109 non
2042 3045 2132 3105 in·

177 3135 351 3196 l'abre
401 3151 517 3196 suo
567 3151 740 3196 more
789 3134 993 3208 lactis,
1047 3135 1172 3194 duo
1213 3133 1377 3194 milia
1418 3139 1688 3192 trecenta
1730 3129 2135 3206 quadraginta

172 3219 384 3295 pondo
399 3264 417 3293 ‚
460 3217 804 3296 bigatorum
845 3233 1228 3278 nummorum
1270 3216 1533 3276 ducenta
1558 3214 1802 3291 triginta
1831 3221 2133 3290 quattuor.

171 3301 461 3364 militibus
494 3303 598 3380 qui
629 3317 874 3366 currum
903 3299 1100 3363 secuti
1121 3307 1281 3372 sunt,
1316 3305 1609 3360 centenos
1633 3297 1886 3359 vicenos
1911 3297 2135 3374 quinos

172 3401 352 3448 asses
391 3385 628 3461 divisit,
677 3387 910 3464 duplex
951 3383 1319 3460 centurioni,
1362 3382 1583 3459 triplex
1620 3380 1827 3458 equiti.
1879 3388 2139 3457 postero

171 3469 276 3532 die
303 3468 591 3532 contione
629 3471 932 3532 advocata
960 3470 1039 3531 de
1064 3468 1252 3530 rebus
1283 3468 1361 3530 ab
1398 3482 1469 3528 se
1496 3468 1687 3542 gestis
1718 3471 1779 3526 et
1807 3467 1886 3527 de
1913 3463 2133 3526 iniuria

2492 1240 2517 1445 man
2494 976 2517 1227 nonan-w:
2498 848 2517 957 *fitz-‘ruff

2483 2719 2517 2872 un!
2484 2667 2517 2697 ff
2482 2451 2517 2644 Luc!
2483 2403 2517 2426 Ι
2483 2341 2517 2364 Ι
2482 2143 2517 2247 Ul*
2484 1476 2517 2046 wi‘nucinunius-*a
