2548 3950
553 212 786 274 LIBER
827 211 1034 273 XXXI.
1083 214 1365 275 CAP.12.
1401 223 1485 276 13.
1531 221 1605 288 [a.
1637 221 1702 272 c,
1732 221 1857 288 200]
2110 214 2188 278 11

219 363 392 428 nucii
418 363 742 440 praetoriS,
793 361 892 424 cui
921 362 1137 425 Bruttii
1164 365 1486 441 provincia
1508 374 1665 428 erate
1709 366 2027 444 pecuniam
2070 369 2189 430 Lo-

217 448 346 512 cris
377 464 458 510 ex
487 445 894 522 Proserpinae
933 446 1236 510 thesauris
1278 458 1459 511 nocte
1502 450 1657 511 clam
1698 452 2032 527 sublatam,
2072 467 2191 512 nec

219 533 302 612 ad
333 548 496 608 quos
527 529 828 607 pertineat
857 530 1125 607 facinus,
1153 531 1417 608 vestigia
1456 532 1580 594 ulla
1608 543 1872 596 exstare.
1942 534 2191 611 indigne

224 631 455 696 passus
487 622 740 677 senatus
770 631 895 676 non
943 613 1178 676 cessari
1217 617 1297 676 ab
1338 615 1713 694 sacrilegiis,
1757 627 1818 680 et
1856 635 1935 679 ne
1973 617 2186 679 Plemi-

225 700 395 762 nium
417 697 688 774 quidem,
719 705 840 760 tam
871 698 1102 760 clarum
1127 715 1477 778 recensque
1507 716 1710 762 noxae
1732 700 2009 764 simulac
2040 717 2189 778 poe-

221 801 342 846 nae
390 782 773 858 exemplum,
824 780 1106 844 homines
1148 784 1477 847 deterrere.
1550 785 1612 848 C.
1651 784 1905 848 Aurelio
1948 783 2190 847 consuli

223 865 538 944 negotium
565 866 790 938 datum,
819 873 888 926 ut
913 865 995 926 ad
1023 875 1370 942 praetorem
1397 866 1457 927 in
1479 868 1746 930 Bruttios
1774 867 2071 931 scriberet
2092 883 2191 930 se·

223 949 393 1012 natui
426 949 674 1026 placere
707 948 1132 1024 quaestionem
1174 951 1253 1011 de
1294 949 1580 1026 expilatis
1620 952 1925 1013 thesauris
1968 953 2191 1013 eodem

218 1034 510 1110 exemplo
539 1032 768 1106 haberi,
803 1049 926 1107 quo
956 1033 1037 1093 Μ.
1066 1033 1442 1110 Pomponius
1474 1042 1721 1110 praetor
1760 1035 2019 1098 triennio
2049 1042 2192 1096 ante

219 1117 560 1180 habuisset.
631 1131 791 1192 quae
830 1115 1081 1179 inventa
1120 1116 1387 1193 pecunia
1414 1127 1612 1195 esset,
1662 1118 1912 1196 reponi,
1967 1117 2022 1181 si
2065 1133 2187 1195 quo

218 1203 428 1266 minus
454 1199 770 1264 inventum
801 1200 972 1275 foret,
1005 1201 1258 1276 expleri,
1290 1218 1364 1264 ac
1392 1202 1745 1278 piacularia,
1778 1204 1833 1266 si
1859 1202 2188 1274 videretur,

219 1285 387 1348 sicut
410 1289 552 1346 ante
582 1283 906 1360 pontifices
935 1284 1346 1360 censuissent,
1375 1285 1526 1347 fieri.
1599 1304 1806 1349 curam
1842 1286 2190 1364 expiandae

219 1366 573 1431 violationis
615 1367 750 1429 eius
791 1367 1001 1444 templi
1041 1369 1327 1445 prodigia
1364 1370 1542 1430 ctiam
1588 1372 1702 1431 sub
1742 1371 1906 1432 idem
1948 1379 2189 1443 tempus

219 1451 500 1532 pluribus
531 1451 684 1513 locis
729 1453 1000 1513 nuntiata
1039 1454 1475 1514 accenderunt.
1543 1452 1605 1513 in
1646 1451 1911 1515 Lucanis
1952 1454 2188 1513 caelum

217 1535 456 1600 arsisse
477 1535 854 1610 adferebant,
866 1534 1140 1596 Priverni
1163 1553 1387 1598 sereno
1414 1552 1525 1612 per
1543 1536 1705 1599 diem
1728 1546 1919 1600 totum
1940 1537 2186 1597 rubrum

220 1623 420 1682 solem
448 1619 662 1692 fuisse,
688 1618 948 1679 Lanuvii
975 1620 1202 1695 templo
1229 1619 1519 1697 Sospitae
1540 1621 1793 1684 Iunonis
1824 1629 2006 1682 nocte
2036 1629 2186 1682 stre-

221 1704 416 1782 pitum
466 1701 772 1778 ingentem
802 1712 1098 1766 exortum.
1170 1703 1295 1765 iam
1334 1703 1683 1767 animalium
1726 1703 1982 1767 obsceni
2028 1704 2186 1764 fetus

221 1787 502 1866 pluribus
553 1786 708 1849 locis
759 1785 1220 1850 nuntiabantur=
1261 1788 1326 1848 in
1369 1787 1614 1851 Sabinis
1665 1787 1937 1850 incertus
1986 1786 2189 1848 infans

220 1880 402 1935 natus
431 1871 744 1932 masculus
773 1887 852 1932 an
882 1870 1104 1934 femina
1135 1880 1332 1946 esset,
1384 1873 1537 1934 alter
1577 1871 1893 1936 sexdecim
1934 1870 2055 1932 iam
2084 1887 2189 1930 an-

219 1973 441 2019 norum
471 1953 616 2017 item
645 1953 928 2032 ambiguo
953 1971 1111 2018 sexu
1134 1954 1451 2028 inventus;
1476 1955 1819 2019 Frusinone
1840 1971 2037 2033 agnus
2054 1970 2189 2017 cum

221 2040 406 2104 suillo
438 2039 656 2116 capite,
686 2038 1021 2101 Sinuessae
1049 2057 1281 2116 porcus
1312 2057 1451 2102 cum
1480 2039 1681 2119 capite
1702 2042 1969 2103 humano
1993 2047 2193 2113 natuS‚

219 2123 285 2187 in
314 2121 582 2186 Lucanis
613 2122 673 2183 in
715 2138 866 2200 agro
911 2124 1159 2200 publico
1211 2126 1463 2186 eculeus
1515 2142 1654 2201 cum
1700 2126 1976 2202 quinque
2018 2120 2191 2199 pedi-

219 2211 365 2272 bus.
434 2208 619 2269 foeda
648 2207 851 2269 omnia
881 2216 944 2269 et
983 2208 1285 2269 deformia
1314 2208 1699 2285 errantisque
1739 2208 1799 2269 in
1837 2210 2073 2269 alienos
2106 2207 2190 2265 l'e-

220 2302 324 2357 tus
358 2299 609 2353 naturae
633 2288 796 2353 visa:
827 2299 969 2353 ante
1002 2291 1210 2354 omnia
1238 2289 1571 2352 abominati
1600 2289 1977 2362 semimares,
2010 2286 2192 2351 iussi·

223 2375 442 2454 quein
472 2391 637 2435 mare
669 2376 977 2451 extemplo
1006 2373 1353 2450 deportari,
1396 2373 1556 2436 sicut
1596 2373 1877 2450 proxime
1922 2372 1983 2435 C.
2018 2374 2192 2433 Clau-

223 2461 330 2522 dio
361 2459 442 2521 Μ.
468 2458 642 2520 Livio
675 2458 1036 2521 consulibus
1067 2459 1424 2535 deportatus
1468 2457 1683 2520 similis
1726 2456 1991 2535 prodigii
2032 2458 2193 2518 fetus

221 2554 378 2607 erat.
449 2541 638 2604 nihilo
669 2541 872 2605 minus
912 2542 1301 2605 decemviros
1346 2543 1516 2604 adire
1556 2543 1746 2604 libros
1790 2543 1868 2604 de
1908 2548 2193 2618 portento

224 2645 303 2691 eo
356 2626 689 2689 iusserunt.
763 2627 1098 2689 decemviri
1147 2644 1228 2688 ex
1286 2626 1455 2689 libris
1504 2644 1606 2689 res
1650 2625 1892 2688 divinas
1922 2626 2195 2699 easdem,

225 2728 392 2789 quae
419 2710 702 2787 proxime
733 2712 1073 2773 secundum
1101 2709 1167 2771 id
1194 2710 1544 2787 prodigium
1575 2712 1772 2772 factae
1801 2717 2041 2784 essent,
2086 2708 2194 2769 im·

225 2804 538 2872 perarunt.
611 2811 856 2856 carmen
913 2803 1232 2871 praeterea
1282 2795 1359 2855 ab
1412 2803 1501 2856 ter
1548 2792 1807 2857 novenis
1857 2792 2195 2870 virginibus
2278 2838 2288 2843 -

223 2878 370 2943 cani
399 2895 514 2955 per
540 2880 755 2941 urbem
784 2880 1112 2952 iusserunt,
1144 2881 1499 2954 donumque
1520 2878 1736 2941 Iunoni
1759 2878 2009 2954 reginae
2033 2875 2194 2938 ferri.

228 2980 305 3025 ea
353 2963 442 3025 uti
492 2962 739 3037 fierent,
791 2964 852 3024 C.
893 2962 1180 3024 Aurelius
1217 2963 1435 3025 consul
1464 2978 1543 3023 ex
1574 2962 2063 3024 decemvirorum
2100 2974 2195 3018 re-

227 3064 469 3124 sponso
500 3046 753 3125 curavit.
826 3062 1102 3121 carmen,
1153 3045 1315 3109 sicut
1352 3055 1592 3123 patrum
1634 3044 1927 3108 memoria
1966 3040 2190 3115 Livius,

226 3130 314 3193 ita
341 3138 468 3194 tum
498 3130 774 3193 condidit
799 3130 861 3191 P.
889 3129 1162 3192 Licinius
1190 3132 1440 3207 Tegula.

392 3214 550 3275 XIII.
603 3213 882 3291 Expiatis
914 3213 1198 3275 omnibus
1240 3212 1641 3289 religionibus
1693 3245 1776 3257 -—-
1827 3226 1967 3271 nam
2018 3206 2198 3269 etiam

223 3297 443 3360 Locris
473 3296 864 3374 sacrilegium
894 3296 1377 3375 pervestigatum
1406 3297 1482 3358 ab
1514 3295 1583 3370 Q.
1612 3293 1880 3356 Minucio
1911 3299 2060 3367 erat,
2090 3308 2198 3369 pe·

227 3381 538 3458 cuniaque
567 3396 648 3441 ex
671 3380 856 3443 bonis
887 3380 1213 3443 noxiorum
1242 3380 1304 3441 in
1328 3380 1653 3442 thesauros
1678 3376 1951 3456 reposita
1968 3412 2037 3421 —
2060 3392 2198 3438 cum

229 3467 525 3527 consules
553 3464 616 3526 in
647 3464 1000 3545 provincias
1031 3463 1346 3541 proficisci
1376 3466 1629 3539 vellent,
1661 3460 1882 3540 privati
1910 3462 2197 3544 frequen·-
