2548 3950
312 181 462 246 -216
593 180 824 243 LIBER
851 178 1093 239 XXXV.
1140 178 1305 239 CAP.
1336 185 1641 241 46.47.48.
1687 185 1755 251 [a.
1780 184 1851 237 U.
1882 199 1929 237 c.
1964 184 2090 252 560]

342 350 464 411 que
489 331 924 394 Chalcidenses
948 345 1150 406 neque
1171 329 1415 389 vindice
1444 328 1735 388 libertatis
1764 330 1888 389 ullo
1919 344 2132 403 egere,
2164 345 2313 392 cum

338 418 512 479 liberi
541 417 692 488 sint,
735 428 938 491 neque
965 412 1309 490 praesidio,
1356 426 1493 473 cum
1524 427 1740 486 pacem
1779 412 2058 472 eiusdem
2086 415 2310 489 populi

337 501 594 563 Romani
637 498 939 559 beneficio
981 505 1043 559 et
1078 496 1417 558 libertatern
1445 495 1727 556 habeant.
1784 495 2109 556 amicitiam
2134 498 2309 572 regis

341 603 463 645 non
489 582 803 661 aspernari
819 628 836 655 ,
867 596 1070 656 neque
1093 581 1375 656 ipsorum
1396 580 1773 641 Aetolorum.
1818 579 1881 640 id
1903 579 2163 654 primum
2188 597 2308 643 eos

339 687 452 745 pro
479 668 688 729 amicis
713 668 1003 740 facturos,
1033 662 1089 725 si
1109 664 1315 725 insula
1337 664 1641 724 excedant
1662 669 1849 739 atque
1870 663 2110 724 abeant.
2159 681 2306 731 nam

339 757 493 829 ipsis
527 759 754 813 certum
786 765 930 811 esse
959 765 1086 811 non
1113 748 1301 809 modo
1332 762 1451 808 non
1482 746 1761 823 recipere
1790 747 2144 819 moenibuS,
2184 751 2309 810 sed

337 855 415 897 ne
459 836 809 897 societatem
862 833 1111 914 quidem
1147 833 1335 893 ullam
1382 830 1617 908 pacisci
1657 830 1774 891 nisi
1817 845 1897 890 ex
1938 832 2308 894 auctoritate
2350 829 2363 837 “

339 925 772 982 Romanorum.
839 918 1074 978 XLVII.
1116 916 1272 976 haec
1299 916 1641 977 renuntiata
1669 914 1800 989 regi
1828 915 1908 974 ad
1938 930 2161 990 naveS,
2194 917 2307 977 ubi

337 1007 667 1077 restiterat,
711 1019 848 1063 cum
891 1007 1132 1076 essent,
1181 1001 1240 1059 in
1286 1000 1633 1075 praesentia
1660 1027 1748 1039 —-
1774 1014 1980 1075 neque
2021 1000 2181 1061 enim
2224 1002 2306 1061 iis

339 1095 592 1149 venerat
639 1087 867 1161 copiis,
919 1093 985 1147 ut
1024 1084 1085 1143 vi
1125 1098 1311 1159 agere
1354 1082 1680 1159 quicquam
1721 1090 1940 1157 posset
1962 1114 2051 1129 -—·
2074 1085 2307 1146 reverti

339 1170 780 1233 Demetriadem
821 1168 1068 1244 placuit.
1133 1167 1217 1227 ibi
1259 1166 1549 1241 quoniam
1588 1166 1849 1242 primum
1882 1184 2103 1228 vanum
2132 1168 2303 1229 ince-

341 1265 509 1331 ptum
539 1250 870 1324 evasisset,
903 1251 1252 1314 consultare
1282 1267 1421 1313 cum
1447 1250 1683 1312 Aetolis
1712 1266 1857 1326 rein,
1895 1251 2042 1327 quid
2073 1250 2305 1313 deinde

339 1343 529 1400 fieret.
571 1337 1083 1416 placuitBocotos
1097 1334 1385 1397 Achaeos
1399 1333 1865 1413 Amynandrum
1884 1347 2093 1410 regem
2108 1335 2317 1397 Atha-·

341 1439 581 1485 manum
610 1429 925 1498 temptare.
971 1421 1346 1481 Boeotorum
1384 1427 1626 1493 gentem
1656 1433 1935 1478 aversam
1967 1418 2043 1478 ab
2072 1419 2298 1481 Roma-

341 1511 433 1567 nis
486 1509 602 1567 iam
651 1506 796 1565 inde
836 1521 875 1565 a
911 1503 1278 1581 Brachyllae
1326 1508 1549 1575 morte,
1602 1508 1664 1562 et
1702 1518 1862 1577 quae
1904 1510 2119 1563 secuta
2160 1519 2303 1565 eam

341 1595 604 1663 fuerant,
650 1588 1012 1658 censebant3
1055 1587 1449 1649 Achaeorum
1488 1586 2022 1661 Philopoemenem
2072 1588 2301 1662 princi-

341 1691 479 1747 pem
519 1672 923 1732 aemulatione
962 1672 1197 1747 gloriae
1237 1671 1297 1730 in
1337 1670 1501 1732 bello
1528 1671 1841 1730 Laconum
1882 1670 2171 1732 infestum
2206 1672 2300 1731 in-

339 1759 665 1833 visumque
692 1770 837 1815 esse
867 1754 1144 1828 Quinctio
1187 1754 1537 1814 credebant.
1596 1754 2001 1832 Amynander
2037 1770 2302 1816 uxorem

337 1841 654 1915 Apamiam
670 1885 684 1913 ,
716 1838 902 1899 filiam
925 1837 1265 1898 Alexandri
1295 1836 1615 1897 cuiusdam
1638 1836 2157 1913 Megalopolitani,
2186 1838 2297 1899 ha-

337 1927 547 1999 bebat,
590 1924 795 2000 quise
839 1922 1159 1985 oriundum
1189 1938 1228 1983 a
1253 1936 1477 1997 magno
1508 1922 1861 1983 Alexandro
1904 1922 2108 1983 ferens
2150 1921 2299 1984 filiis

339 2005 954 2084 duobus'Philippum
995 2013 1180 2082 atque
1205 2006 1627 2066 Alexandrum
1668 2014 1731 2066 et
1770 2007 1931 2066 filiae
1969 2007 2299 2082 Apamiam

339 2095 583 2153 nomina
611 2092 1016 2167 imposuerat;
1064 2106 1244 2166 quam
1286 2090 1472 2164 regiis
1514 2091 1802 2150 inclutam
1844 2091 2071 2166 nuptiis
2098 2091 2301 2153 maior

337 2193 415 2236 ex
441 2176 722 2236 fratribus
736 2175 1054 2252 Philippus
1077 2181 1329 2236 secutus
1351 2175 1412 2234 in
1426 2175 1845 2234 Athamaniam
1873 2176 2089 2235 fuerat.
2128 2172 2299 2236 hunc

337 2264 489 2322 sorte
531 2259 775 2335 ingenio
818 2277 1041 2321 vanum
1081 2259 1285 2319 Aetoli
1326 2264 1389 2319 et
1427 2257 1768 2319 Antiochus
1819 2259 2185 2335 impulerant
2233 2261 2297 2320 in

339 2362 541 2420 spem,
593 2346 762 2420 quod
804 2344 858 2405 is
888 2359 1033 2405 vere
1060 2359 1273 2418 regum
1303 2341 1511 2418 stirpis
1552 2349 1748 2414 esset,
1799 2340 1974 2421 regni
2000 2342 2295 2405 Macedo·

337 2432 501 2502 niae,
529 2429 580 2490 si
601 2428 1068 2506 Amynandrum
1092 2426 1593 2502 Athamanesque
1605 2425 1911 2487 Antiocho
1936 2426 2297 2488 coniunxis-

337 2522 445 2572 set.
493 2522 551 2574 et
578 2527 654 2572 ea
675 2513 912 2571 vanitas
933 2511 1380 2587 promissorum
1403 2526 1527 2572 non
1552 2510 1718 2585 apud
1739 2509 2082 2586 Philippum
2104 2513 2299 2573 modo

337 2600 447 2656 sed
481 2598 658 2658 etiam
688 2596 852 2670 apud
883 2595 1351 2674 Amynandrum
1378 2595 1584 2655 valuit.

503 2679 764 2738 XLVIII.
829 2679 898 2737 In
936 2678 1174 2739 Achaia
1221 2677 1440 2754 legatis
1480 2677 1767 2740 Antiochi
1808 2681 2298 2756 Aetolorumque

337 2780 540 2824 coram
563 2764 627 2822 T.
653 2761 930 2836 Quinctio
953 2761 1132 2837 Aegii
1157 2763 1365 2831 datum
1390 2769 1485 2823 est
1507 2763 1848 2824 concilium.
1891 2763 2176 2825 Antiochi
2206 2766 2295 2824 le-

333 2856 509 2922 gatus
541 2845 710 2922 prior
741 2863 924 2922 quam
949 2844 1154 2907 Aetoli
1183 2853 1280 2908 est
1305 2847 1569 2908 auditus.
1612 2847 1697 2919 is,
1727 2854 1795 2907 ut
1821 2847 2100 2923 plerique
2131 2864 2296 2923 quos

333 2948 487 3006 opes
511 2931 716 3006 regiae
738 2932 920 3004 alunt,
950 2931 1319 3006 vaniloquus
1341 2929 1533 2990 maria
1554 2938 1876 3007 terrasque
1896 2929 2063 2992 inani
2085 2932 2297 2994 sonitu

333 3016 660 3076 verborum
690 3015 1037 3090 complevit.
1101 3015 1375 3089 equitum
1416 3013 1918 3075 innumerabilem
1960 3015 2080 3074 vim
2120 3017 2297 3077 traici

331 3100 730 3176 Hellesponto
779 3099 840 3158 in
880 3098 1221 3173 Europam,
1271 3099 1491 3174 partim
1541 3099 1864 3172 loricatos,
1915 3115 2077 3173 quos
2127 3106 2295 3160 cata-

335 3184 622 3258 phractos
651 3189 905 3256 vocant,
936 3184 1154 3258 partim
1183 3183 1419 3257 sagittis
1442 3198 1521 3242 ex
1542 3197 1709 3256 equo
1734 3181 1987 3256 utentiS,
2019 3189 2080 3242 et
2102 3200 2139 3242 a
2163 3200 2296 3258 quo

333 3266 475 3324 nihil
507 3268 654 3327 satis
685 3267 824 3327 tecti
856 3267 964 3339 sit,
1005 3281 1226 3326 averso
1267 3265 1621 3341 refugientis
1651 3280 1813 3341 equo
1844 3267 2069 3327 certius
2098 3266 2294 3341 figen-

331 3358 443 3408 tes.
486 3350 580 3410 his
611 3350 1001 3425 equestribus
1035 3350 1233 3424 copiis
1263 3365 1635 3426 quamquam
1664 3351 1761 3409 vel
1793 3350 1978 3410 totius
2000 3349 2298 3425 Europae

335 3432 638 3492 exereitus
669 3435 729 3491 in
759 3445 947 3492 unum
979 3434 1174 3493 coacti
1205 3433 1381 3494 obrui
1420 3440 1705 3509 possent,
1752 3433 2052 3495 adiciebat
2090 3434 2292 3494 multi-
