2548 3950
252 0 301 9 -vv
2203 1 2536 5 *sstss

460 222 691 283 LIBER
708 223 972 284 XXXlll.
994 223 1168 282 ,CAR
1193 231 1281 284 42.
1295 171 1392 283 43.
1415 227 1487 296 [a.
1507 227 1574 279 U.
1593 244 1639 278 c.
1656 229 1779 284 557.
1794 244 1843 279 a.
1861 227 1923 279 C.
1942 228 2063 296 195]
2118 219 2243 285 119

267 376 435 436 Nero
475 373 540 433 Ρ.
579 373 834 434 Porcius
873 373 1074 433 Laeca
1114 372 1176 434 C.
1208 369 1525 432 Fabricius
1574 371 1864 432 Luscinus
1910 371 1970 430 C.
2006 372 2241 434 Atinius

265 458 482 520 Labeo
512 457 576 516 P.
605 457 889 517 Manlius,

443 542 534 602 Eo
572 557 734 601 anno
777 539 1008 600 aediles
1053 541 1328 613 curuleS,
1370 539 1451 600 M.
1479 539 1732 600 Fulvius
1772 539 2044 600 Nobilior
2086 550 2144 598 et
2177 540 2237 600 c.

265 626 622 699 FlaminiuS,
664 623 843 686 tritici
873 624 1127 683 deciens
1158 630 1400 683 centum
1430 623 1594 683 milia
1622 623 1782 684 binis
1812 626 1970 682 aeris
2004 626 2239 698 populo

268 709 744 784 discripserunt.
788 706 854 767 id
885 706 948 766 C.
977 706 1252 767 Flaminii
1284 707 1537 768 honoris
1569 722 1759 768 causa
1786 706 1982 782 ipsius
2016 710 2239 782 patris-

272 809 400 870 que
441 793 824 853 advexerant
862 788 1053 852 Siculi
1092 791 1384 860 Romam;
1427 789 1759 851 Flaminius
1800 792 2056 864 gratiam
2104 792 2237 852 eius

268 876 833 938 communicaverat
874 890 1013 935 cum
1054 876 1311 948 collega.
1382 875 1511 935 ludi
1551 875 1812 935 Romani
1856 884 1914 934 et
1960 878 2239 950 apparati

268 959 598 1035 magnifice
639 965 785 1020 sunt
826 965 886 1018 et
913 965 1006 1018 ter
1043 958 1153 1018 toti
1190 958 1527 1019 instaurati.
1594 958 1824 1017 aediles
1854 960 2084 1030 plebiS,
2134 960 2237 1018 Cn.

266 1043 580 1120 Domitius
627 1041 1078 1104 Ahenobarbus
1131 1048 1191 1100 et
1231 1041 1296 1101 C.
1338 1041 1700 1102 Scribonius
1752 1041 1962 1112 Curio,
2018 1044 2239 1102 multos

267 1127 601 1205 pecuarios
651 1126 732 1187 ad
775 1126 993 1202 populi
1039 1125 1333 1187 iudicium
1379 1126 1800 1187 adduxerunt=
1854 1134 1976 1184 tres
2024 1144 2098 1184 ex
2142 1126 2239 1186 his

271 1210 665 1273 condemnati
693 1217 869 1280 sunt3
926 1225 1006 1269 ex
1039 1225 1250 1271 eorum
1279 1209 1610 1270 multaticia
1639 1210 1902 1286 pecunia
1930 1212 2146 1268 aedem
2177 1212 2239 1268 in

268 1295 477 1357 insula
502 1294 697 1355 Fauni
725 1295 1021 1356 fecerunt.
1075 1293 1203 1354 ludi
1232 1292 1455 1368 plebeii
1483 1310 1596 1368 per
1622 1293 1872 1354 biduum
1906 1296 2235 1368 instaurati,

268 1388 337 1440 et
361 1379 606 1456 epulum
635 1377 747 1438 fuit
774 1377 1058 1438 ludorum
1084 1393 1294 1437 causa.

444 1462 646 1522 XL111.
702 1461 770 1521 L.
799 1460 1086 1521 Valerius
1118 1459 1377 1522 Flaccus
1422 1467 1481 1519 et
1506 1460 1587 1520 M.
1616 1459 1870 1521 Porcius
1906 1462 2046 1518 Cato
2094 1476 2235 1516 con-

269 1547 446 1608 sules
467 1546 668 1607 idibus
690 1545 941 1619 Martiis,
973 1543 1099 1619 ‘quo
1124 1543 1224 1603 die
1246 1544 1662 1619 magistratum
1684 1543 1960 1616 inierunt,
1996 1544 2072 1600 de
2096 1560 2237 1616 pro—

267 1631 492 1691 vinciis
536 1645 674 1689 cum
715 1629 799 1688 ad
839 1636 1117 1689 senatum
1157 1629 1561 1702 rettulissent,
1607 1635 1812 1704 patres
1844 1636 2235 1698 censuerunt,

275 1730 418 1777 tum
447 1714 508 1773 in
528 1713 827 1788 Hispania
853 1719 1086 1773 tantum
1113 1712 1400 1787 glisceret
1418 1711 1661 1788 bellum,
1693 1711 1902 1772 utiam
1930 1714 2237 1770 consulari

266 1805 337 1858 et
364 1799 522 1858 duce
562 1805 623 1857 et
662 1797 936 1857 exercitu
975 1812 1136 1871 opus
1178 1809 1375 1870 esset,
1418 1798 1664 1871 placere
1696 1798 1982 1857 consules
2012 1796 2209 1868 Hispa

269 1883 436 1942 niam
482 1881 824 1942 citeriorem
850 1879 1207 1956 Italiamque
1245 1878 1597 1955 provincias
1629 1887 1733 1940 aut
1760 1895 2118 1952 comparare
2148 1878 2237 1936 in-

268 1974 370 2027 ter
397 1982 469 2027 se
496 1972 602 2026 aut
627 1964 866 2034 sortiri;
913 1963 1030 2025 utri
1055 1964 1359 2039 Hispania
1385 1963 1705 2040 provincia
1733 1964 2058 2034 evenisset,
2094 1978 2235 2020 eum

267 2051 435 2111 duas
475 2048 750 2123 legiones
795 2058 856 2109 et
885 2048 1234 2124 quindecim
1273 2049 1438 2108 milia
1477 2049 1715 2109 socium
1741 2047 1934 2108 Latini
1974 2048 2235 2104 nominis

270 2143 338 2194 et
375 2133 760 2207 octingentos
812 2133 1050 2207 equites
1102 2146 1314 2194 secum
1362 2140 1639 2208 portare,
1682 2139 1745 2191 et
1783 2146 1974 2191 naves
2020 2134 2235 2203 longas

275 2216 484 2292 viginti
525 2216 773 2277 ducere.
839 2216 990 2276 alter
1031 2216 1246 2275 consul
1290 2215 1446 2275 duas
1483 2215 1779 2275 scriberet
1806 2217 2114 2285 legiones3
2162 2215 2235 2271 ils

151 2293 163 2301 ”
272 2299 529 2361 Galliam
578 2298 836 2361 obtineri
890 2298 1266 2375 provinciam
1316 2296 1467 2359 satis
1519 2313 1661 2357 esse
1700 2297 1906 2355 fractis
1952 2299 2233 2367 proximo

265 2398 434 2446 anno
463 2384 788 2445 Insubrum
809 2383 1225 2458 Boiorumque
1255 2382 1491 2441 animis.
1538 2380 1682 2442 Cato
1704 2379 2078 2455 Hispaniam,
2110 2381 2235 2435 Va-

268 2468 461 2529 lerius
504 2468 737 2528 Italiam
778 2474 874 2527 est
912 2467 1184 2528 sortitus.
1255 2473 1574 2542 praetores
1617 2463 1842 2524 delnde
1884 2463 2235 2536 provincias

263 2552 501 2626 sortiti,
539 2552 602 2613 C.
630 2550 946 2612 Fabricius
974 2550 1279 2612 Luscinus
1310 2549 1633 2623 urbanam,
1666 2548 1727 2608 C.
1759 2547 1998 2607 Atinius
2028 2547 2235 2605 Labeo

268 2637 690 2711 peregrinam,
742 2635 846 2695 Cn.
887 2634 1149 2695 Manlius
1190 2634 1386 2694 Vulso
1430 2632 1729 2707 Siciliam,
1780 2635 1898 2705 Ap.
1950 2631 2235 2689 Claudius

269 2719 435 2782 Nero
463 2719 822 2796 Hispaniam
851 2720 1214 2792 ulteriorem,
1245 2717 1308 2778 P.
1333 2717 1586 2778 Porcius
1615 2717 1814 2777 Laeca
1840 2713 2032 2787 PisaS,
2064 2723 2130 2771 ut
2160 2713 2237 2771 ab

271 2814 452 2880 tergo
473 2803 800 2880 Liguribus
830 2813 1029 2875 esset;
1058 2804 1123 2862 P.
1145 2802 1403 2863 Manlius
1432 2801 1493 2862 in
1515 2799 1870 2876 Hispaniam
1898 2799 2239 2857 citeriorem

274 2889 519 2951 adiutor
561 2888 802 2951 consuli
831 2890 1030 2954 datus,
1093 2889 1158 2947 T.
1190 2886 1500 2961 Quinctio,
1542 2883 1852 2959 suspectis
1882 2899 2003 2941 non
2036 2883 2237 2941 solum

270 2974 578 3035 Antiocho
610 2980 672 3034 et
690 2974 946 3048 Aetolis,
976 2973 1091 3032 sed
1117 2972 1239 3031 iam
1267 2971 1447 3031 etiam
1467 2967 1703 3032 Nabide
1722 2965 2235 3026 Lacedaemonio—

271 3074 411 3117 rum
450 3065 713 3135 tyranno
729 3103 746 3132 ,
788 3063 1183 3134 prorogatum
1217 3056 1280 3115 in
1310 3070 1536 3115 annum
1562 3050 1884 3127 imperium
1914 3057 2034 3119 est,
2082 3049 2237 3103 duas

271 3140 552 3215 legiones
571 3150 640 3203 ut
659 3140 928 3203 haberet.
971 3140 1033 3200 in
1055 3155 1162 3200 eas
1187 3139 1240 3198 si
1265 3138 1413 3212 quid
1434 3135 1842 3211 supplementi
1870 3147 2026 3205 opus
2054 3137 2237 3201 esset,

268 3226 568 3286 consules
621 3223 892 3287 scribere
941 3230 1002 3284 et
1041 3223 1274 3283 mittere
1315 3221 1376 3280 in
1418 3216 1842 3279 Macedoniam
1886 3215 2054 3271 iussi.
2120 3215 2237 3285 Ap.

269 3308 530 3369 Claudio
561 3317 806 3383 praeter
832 3307 1155 3382 legionem,
1200 3320 1386 3380 quam
1415 3302 1484 3376 Q.
1511 3299 1737 3361 Fabius
1766 3297 2080 3365 habuerat,
2116 3297 2237 3353 duo
2289 3341 2293 3345 .

268 3390 443 3451 milia
468 3392 748 3467 peditum
773 3400 835 3453 et
860 3386 1426 3464 ducentos-equites
1456 3400 1655 3446 novos
1683 3390 1750 3443 ut
1779 3383 2072 3443 scriberet
2102 3395 2239 3453 per-

268 3473 550 3537 missum.
610 3492 730 3552 par
769 3490 1059 3538 numerus
1106 3473 1381 3550 peditum
1420 3463 1814 3547 equitumque
1852 3481 2152 3525 novorum
2183 3469 2245 3521 et
