2548 3950
339 227 430 291 42
652 226 884 287 LIBER
911 210 1119 285 XXXI.
1163 223 1330 284 CAP.
1358 230 1446 286 46.
1470 229 1556 285 47.
1602 228 1676 296 [a.
1698 225 1768 279 U.
1794 244 1842 280 ο.
1866 226 1990 294 5⁵2]

338 382 459 440 alio
489 376 651 438 omni
675 391 901 452 genere
920 381 1361 438 tormentorum
1382 374 1503 433 tela
1525 373 1894 448 ingerentes.
1942 380 2004 434 et
2024 375 2306 450 pondere

342 464 571 536 ingenti
613 476 766 522 saxa
815 460 1146 532 iaciebant,
1199 466 1260 519 et
1288 457 1637 531 cuniculos,
1689 465 1751 518 et
1795 457 2097 532 quidquid
2138 457 2307 520 aliud

336 548 545 622 priore
597 544 1053 619 oppugnatione
1102 547 1424 617 expertum
1473 542 1807 617 profuerat.
1870 548 2139 602 ceterum
2179 558 2305 603 non

338 632 549 704 plures
581 637 809 689 tantum
827 627 1204 687 Macedones
1237 639 1420 701 quam
1450 632 1590 685 ante
1619 624 1943 686 tuebantur
1968 624 2185 686 urbem
2207 642 2306 689 ar-

338 730 601 786 cesque,
645 712 759 772 sed
787 711 968 771 etiam
1001 708 1526 786 praesentioribus
1556 707 1773 769 animis
1803 715 1865 770 et
1891 709 2303 784 castigationi-

336 798 453 856 bus
497 798 659 870 regis
699 796 762 855 in
801 794 1074 856 admissa
1114 796 1300 870 culpa
1326 800 1389 853 et
1414 793 1594 853 simul
1622 792 1923 854 minarum
1952 793 2134 854 simul
2161 810 2305 871 pro·

338 884 669 940 missorum
697 879 760 939 in
789 880 1056 940 futurum
1079 893 1405 940 memores.
1448 877 1656 954 itaque
1686 892 1826 937 cum
1854 884 2099 953 praeter
2127 893 2304 955 spem

336 976 579 1040 tempus
609 963 690 1024 ibi
719 962 1076 1037 traheretur,
1107 964 1376 1038 plusque
1404 962 1465 1022 in
1494 961 1819 1023 obsidione
1842 961 1985 1022 etin
2009 961 2303 1036 operibus

338 1066 523 1122 quam
569 1050 627 1106 in
659 1047 1122 1123 oppugnatione
1164 1047 1349 1107 celeri
1378 1046 1515 1121 spei
1544 1051 1741 1120 esset,
1782 1043 2021 1106 interim
2050 1053 2113 1106 et
2137 1045 2306 1107 aliud

338 1136 435 1204 agi
471 1148 661 1204 posse
694 1138 866 1191 ratus
893 1133 1165 1206 legatuS,
1209 1130 1439 1191 relicus
1472 1137 1626 1205 quot
1650 1130 1802 1190 satis
1831 1129 2195 1191 videbantur
2223 1130 2306 1191 ad

334 1234 375 1274 o
381 1232 532 1288 pera
581 1214 960 1290 perficienda
1007 1213 1205 1275 traicit
1241 1213 1305 1274 in
1354 1216 1637 1290 proxima
1684 1212 2082 1288 continentiS,
2134 1214 2301 1274 Lari·

338 1316 613 1374 samque.
637 1331 723 1342 -
753 1313 877 1359 non
916 1299 1080 1360 illam
1125 1298 1187 1358 in
1230 1298 1552 1360 Thessalia
1590 1298 1858 1359 nobilem
1902 1299 2145 1372 urbem,
2188 1299 2305 1359 sed

336 1386 605 1456 alteram,
647 1399 828 1460 quam
858 1382 1209 1444 Cremasten
1237 1389 1465 1444 vocant
1482 1415 1572 1429 ——
1590 1382 1795 1443 subito
1824 1383 2095 1443 adventu
2124 1397 2302 1458 prae·

334 1478 429 1526 ter
471 1484 673 1526 arcem
713 1469 892 1543 cepit.
961 1467 1202 1528 Attalus
1248 1482 1500 1543 quoque
1526 1468 1873 1542 Aegeleon,
1917 1467 2066 1526 nihil
2099 1466 2301 1526 minus

338 1568 521 1624 quam
553 1552 671 1609 tale
705 1552 1034 1626 quicquam
1060 1551 1120 1610 in
1145 1551 1397 1612 alterius
1419 1550 1878 1626 oppugnatione
1899 1549 2070 1612 urbis
2093 1550 2298 1611 timen-

334 1636 527 1704 tibus,
575 1635 900 1708 oppressit.
967 1642 1030 1693 et
1056 1635 1177 1694 iam
1207 1651 1348 1695 cum
1376 1650 1570 1710 opera
1597 1636 1656 1694 in
1688 1633 1913 1696 effectu
1938 1641 2111 1695 erant
2139 1634 2303 1694 circa

340 1718 581 1790 Oreum,
619 1728 746 1778 tum
774 1717 1168 1793 praesidium,
1202 1719 1373 1792 quod
1401 1720 1564 1780 intus
1595 1725 1743 1793 erat,
1772 1718 1985 1779 labore
2013 1718 2299 1791 adsiduo,

334 1804 555 1874 vigiliis
611 1802 845 1862 diurnis
898 1800 1125 1876 pariter
1166 1802 1613 1877 nocturnisque
1653 1810 1715 1864 et
1754 1803 2110 1864 vulneribus
2154 1816 2295 1862 con-

336 1888 575 1944 fectum.
631 1886 785 1945 muti
827 1900 1078 1961 quoque
1119 1900 1266 1961 pars
1309 1884 1498 1948 ariete
1529 1887 1783 1947 incusso
1811 1885 2068 1947 subruta
2094 1885 2299 1946 multis

336 1972 457 2028 iam
509 1970 663 2028 locis
703 1970 1084 2045 prociderat;
1145 1985 1386 2048 perque
1430 1978 1711 2047 apertum
1749 1968 1927 2031 ruina
1966 1971 2082 2031 iter
2120 1978 2302 2032 nocte

332 2054 591 2112 Romani
631 2054 690 2113 in
721 2070 954 2129 arcem,
1000 2069 1160 2129 quae
1198 2071 1390 2130 super
1431 2064 1675 2131 portum
1704 2064 1826 2130 est,
1869 2063 2297 2132 perruperunt.

340 2141 573 2197 Attalus
605 2141 741 2199 luce
771 2140 968 2214 prima
995 2138 1173 2212 signo
1206 2154 1287 2199 ex
1314 2154 1459 2199 arce
1488 2140 1633 2201 dato
1666 2138 1741 2200 ab
1765 2139 2056 2200 Romanis
2083 2140 2301 2214 etipse

332 2223 543 2281 urbem
575 2222 813 2298 invasit,
843 2222 1049 2284 stratis
1079 2238 1302 2299 magna
1333 2239 1413 2284 ex
1440 2232 1614 2300 parte
1642 2223 1866 2292 muris;
1916 2223 2296 2299 praesidium

334 2309 752 2383 oppidanique
799 2309 862 2368 in
911 2322 1117 2368 arcem
1174 2308 1426 2369 alteram
1475 2309 1831 2383 perfugere,
1890 2308 2057 2368 unde
2104 2307 2297 2368 biduo

332 2400 476 2465 post
523 2392 747 2453 deditio
794 2393 972 2452 facta.
1029 2391 1176 2452 urbs
1216 2393 1380 2467 regi,
1427 2394 1674 2467 captiva
1708 2406 1973 2467 corpora
2003 2390 2298 2453 Romanis

332 2487 599 2531 GssSSGI'e.

499 2557 730 2615 XLVII.
774 2557 901 2615 Iam
935 2560 1284 2618 autumnale
1312 2558 1767 2634 aequinoctium
1793 2560 2085 2623 instabat:
2119 2565 2181 2620 et
2203 2564 2300 2619 est

328 2639 643 2699 Euboicus
682 2640 887 2714 sinuS,
944 2655 1126 2715 quem
1168 2641 1353 2702 Coela
1389 2652 1645 2718 vocant,
1697 2651 2030 2722 suspectus
2074 2642 2295 2704 nautis.

328 2723 535 2795 itaque
587 2731 725 2783 ante
763 2723 1057 2786 hiemales
1097 2732 1302 2787 motus
1343 2727 1610 2788 evadere
1649 2727 1795 2788 inde
1844 2728 2162 2804 cupientes
2202 2726 2296 2785 Pi-

326 2823 605 2879 raeeum,
651 2807 814 2870 unde
853 2808 1114 2882 profecti
1155 2810 1236 2870 ad
1263 2810 1489 2872 bellum
1519 2821 1721 2887 erant,
1762 2819 2065 2889 repetunt.
2118 2811 2291 2885 Apu-

328 2891 513 2963 stius,
559 2891 800 2967 triginta
840 2892 1099 2953 navibus
1142 2892 1224 2953 ibi
1266 2895 1494 2956 relictis
1538 2912 1730 2971 super
1756 2896 2018 2957 Maleam
2047 2894 2299 2969 navigat

326 2975 680 3053 Corcyram.
749 2990 959 3050 regem
989 2983 1212 3038 statum
1241 2977 1550 3041 initiorum
1581 2980 1848 3054 CereriS,
1883 2986 1953 3041 ut
1975 2978 2175 3039 sacris
2202 2978 2293 3037 in·
2369 2993 2374 3000 ·

326 3067 615 3133 teresset,
659 3059 881 3129 tenuit;
927 3062 1267 3123 secundum
1298 3062 1466 3122 initia
1498 3071 1558 3123 et
1599 3065 1735 3139 ipse
1763 3065 1825 3123 in
1854 3064 2069 3126 Asiam
2097 3077 2169 3122 se
2196 3076 2293 3121 re·

325 3145 489 3217 cepit
517 3142 948 3217 Agesimbroto
991 3152 1053 3206 et
1076 3145 1338 3207 Rhodiis
1381 3147 1629 3208 domum
1666 3147 1966 3209 remissis.
2020 3146 2174 3206 haec
2218 3159 2295 3204 ea

326 3235 557 3287 aestate
587 3237 747 3289 terra
773 3227 1052 3306 marique
1081 3229 1386 3291 adversus
1415 3230 1763 3307 Philippum
1789 3232 2125 3306 sociosque
2155 3228 2291 3288 eius

324 3311 401 3367 ab
435 3313 689 3369 consule
718 3320 780 3372 et
804 3313 1006 3387 legato
1036 3314 1329 3375 Romanis
1362 3315 1797 3377 adiuvantibus
1824 3331 1973 3391 rege
1995 3313 2200 3374 Attalo
2231 3318 2293 3373 et

322 3393 581 3451 Rhodiis
613 3402 804 3467 gesta.

495 3477 718 3537 Consul
760 3477 912 3538 alter
949 3478 1014 3539 C.
1043 3480 1333 3542 Aurelius
1377 3483 1454 3542 ad
1501 3483 1848 3545 confectum
1888 3484 2115 3547 bellum
2150 3496 2293 3544 cum
