2548 3950
328 236 453 304 334
576 241 805 303 LIBER
834 234 1171 303 xxxvl11.'
1201 242 1364 301 CAP.
1399 252 1482 305 17.
1508 251 1594 304 18.
1639 242 1712 319 [a.
1738 250 1810 302 U.
1835 266 1880 301 c.
1908 246 2033 323 563]

329 406 507 459 tatem
534 395 696 456 illam
730 397 1070 456 silvestrem
1102 358 1300 471 primo
1325 410 1593 469 servare,
1625 395 1848 456 deinde
1873 411 2010 456 cum
2034 394 2140 457 diu
2161 415 2296 458 ma-

324 480 505 541 nibus
545 478 828 541 humanis
870 480 1138 553 aluntur,
1184 478 1535 549 mitescere;
1591 479 1650 538 in
1698 479 2010 539 hominum
2049 480 2306 543 feritate

324 564 649 625 mulcenda
699 580 821 624 non
862 562 1121 624 eandem
1161 568 1438 623 naturam
1478 578 1652 623 esse:
1681 595 1764 607 —
1791 563 2132 623 eosdemne
2169 565 2304 626 hos

327 646 573 708 creditis
601 662 763 721 esse,
810 646 911 721 qui
941 651 1150 722 patres
1181 661 1393 707 eorum
1426 646 1650 721 avique
1677 648 1964 707 suerunt?
2006 654 2300 709 extorres

324 732 533 807 inopia
586 746 869 805 agrorum
920 729 1179 805 profecti
1229 730 1414 790 domo
1467 746 1580 805 per
1619 730 2016 805 asperrimam
2059 731 2300 809 lllyrici

325 831 511 887 oram,
542 813 869 875 Paeoniam
897 812 1041 873 inde
1070 820 1132 874 et
1150 812 1470 873 Thraciam
1501 814 1832 889 pugnando
1863 828 2001 874 cum
2031 814 2292 876 ferocis-

326 898 497 959 simis
526 898 808 973 gentibus
840 896 1103 971 emensi,
1142 896 1257 956 has
1293 904 1486 957 terras
1515 904 1832 973 ceperunt.
1889 897 2145 959 duratos
2175 914 2304 959 eos

321 988 411 1043 tot
437 980 614 1043 malis
644 988 1175 1057 exasperatosque
1204 980 1446 1055 accepit
1469 988 1649 1053 terra,
1681 995 1842 1057 quae
1874 980 2056 1055 copia
2079 996 2294 1043 rerum

323 1063 589 1126 omnium
630 1066 956 1141 saginaret.
1013 1063 1322 1125 uberrimo
1353 1076 1536 1140 agro,
1575 1062 1894 1125 mitissimo
1927 1066 2100 1125 caelo
2117 1111 2134 1138 ‚
2165 1067 2291 1125 cle-

320 1146 623 1209 mentibus
666 1150 1015 1210 accolarum
1057 1147 1318 1223 ingeniis
1362 1147 1562 1207 omnis
1603 1148 1737 1220 illa,
1779 1162 1918 1209 cum
1951 1162 2074 1223 qua
2103 1164 2294 1209 vene·

322 1241 489 1303 rant,
530 1234 950 1293 mansuefacta
990 1238 1089 1292 est
1126 1230 1354 1291 feritas.
1423 1230 1600 1291 vobis
1630 1230 2011 1305 mehercule,
2052 1231 2298 1293 Martiis

321 1315 467 1375 viris
484 1362 500 1388 ‚
544 1316 820 1377 cavenda
860 1331 932 1376 ac
975 1313 1267 1391 fugienda
1309 1330 1492 1389 quam
1534 1314 1793 1390 primum
1823 1314 2162 1377 amoenitas
2193 1325 2290 1379 est

318 1399 537 1459 Asiae:
582 1406 813 1461 tantum
854 1398 970 1461 hae
1010 1398 1376 1475 peregrinae
1402 1400 1750 1473 voluptates
1780 1399 1861 1459 ad
1889 1399 2291 1475 exstinguen-

320 1483 465 1542 dum
504 1483 779 1557 vigorem
816 1482 1156 1544 animorum
1184 1490 1483 1559 possuntz
1527 1488 1756 1543 tantum
1787 1483 2070 1557 contagio
2101 1480 2292 1545 disci·

321 1566 523 1641 plinae
552 1566 865 1643 morisque
894 1568 1241 1629 accolarum
1274 1566 1456 1627 valet.
1495 1564 1615 1627 hoc
1637 1572 1840 1627 tamen
1863 1566 2121 1627 feliciter
2143 1582 2284 1628 eve·

319 1649 421 1721 nit,
466 1650 637 1723 quod
665 1651 823 1711 sicut
851 1650 971 1710 vim
1001 1651 1306 1711 adversus
1335 1665 1450 1711 vos
1480 1664 1901 1725 nequaquam,
1953 1650 2035 1709 ita
2065 1650 2297 1711 samam

321 1732 489 1806 apud
519 1733 789 1794 Graecos
833 1750 1045 1808 parem
1079 1732 1165 1793 illi
1193 1734 1483 1808 antiquae
1514 1733 1816 1806 obtinent,
1861 1748 1999 1793 cum
2030 1750 2154 1809 qua
2183 1750 2296 1794 ve-

317 1822 569 1885 nerunt;
632 1815 901 1892 bellique
949 1816 1204 1891 gloriam
1253 1816 1524 1877 victores
1575 1817 1836 1878 eandem
1875 1817 2034 1878 inter
2073 1818 2301 1879 socios

316 1896 650 1973 habebitiS,
696 1916 879 1975 quam
918 1900 974 1960 si
1004 1900 1309 1961 servantis
1354 1900 1672 1975 antiquum
1707 1900 2021 1975 specimen
2053 1901 2290 1962 animo·

320 1999 451 2042 rum
486 1983 692 2045 Gallos
722 1985 1092 2046 vicissetis.“

346 2067 351 2072 “
486 2068 701 2127 XVIII.
749 2068 1043 2129 Contione
1068 2068 1340 2141 dimissa,
1366 2067 1700 2142 missisque
1722 2068 1802 2128 ad
1822 2067 2294 2143 Eposognatum

318 2151 565 2224 legatie,
611 2151 713 2225 qui
742 2169 904 2214 unus
937 2167 1015 2211 ex
1042 2153 1273 2226 regulis
1304 2158 1363 2211 et
1392 2151 1452 2210 in
1480 2151 1771 2212 Eumenis
1799 2159 2112 2212 manserat
2138 2154 2294 2213 ami-

318 2231 456 2294 citia
507 2241 569 2294 et
606 2243 939 2311 negaverat
976 2235 1281 2296 Antiocho
1333 2235 1640 2294 adversus
1679 2235 1996 2296 Romanos
2039 2236 2292 2311 auxilia,

318 2323 521 2378 castra
547 2319 755 2384 movit.
800 2321 996 2395 primo
1026 2319 1129 2379 die
1158 2319 1238 2378 ad
1262 2318 1600 2379 Alandrum
1631 2317 1855 2378 flumen
1874 2363 1890 2390 ,
1923 2323 2176 2393 postero
2207 2320 2290 2380 ad

314 2401 514 2461 vicum
546 2419 727 2478 quem
759 2408 985 2464 vocant
1009 2403 1258 2480 Tyscon
1287 2407 1554 2463 ventum.
1609 2417 1684 2462 eo
1715 2401 1900 2476 legati
1929 2399 2288 2463 Oroanden-

316 2483 475 2545 sium
519 2500 658 2546 cum
702 2487 1020 2548 venissent
1057 2483 1380 2547 amicitiam
1411 2491 1720 2562 petenteS‚
1766 2486 2032 2546 ducenta
2060 2487 2291 2546 talenta

314 2566 387 2628 iis
418 2576 561 2630 sunt
587 2569 913 2646 imperata,
944 2568 1470 2645 precantibusque
1493 2575 1562 2629 ut
1590 2568 1838 2630 domum
1865 2567 2290 2630 renuntiarent

313 2659 593 2724 potestas
634 2654 815 2715 sacta.
888 2655 1115 2714 ducere
1155 2652 1300 2712 inde
1335 2652 1672 2714 exercitum
1703 2654 1923 2713 consul
1951 2653 2033 2712 ad
2059 2649 2286 2713 Pliten-

312 2734 492 2803 dum;
537 2734 761 2795 deinde
790 2737 870 2797 ad
892 2737 1179 2812 Alyattos
1210 2744 1414 2798 castra
1443 2736 1666 2811 posita.
1711 2752 1788 2797 eo
1818 2735 1993 2796 missi
2015 2734 2098 2795 ad
2116 2735 2284 2811 Epo-

312 2824 638 2893 segnatum
658 2817 988 2892 redierunt,
1022 2826 1083 2879 et
1103 2819 1288 2895 legati
1309 2820 1503 2894 reguli
1528 2826 1795 2894 oranteS,
1820 2834 1900 2880 ne
1919 2821 2288 2895 Tectosagis

310 2901 536 2962 bellum
556 2901 843 2963 inferret:
899 2903 1103 2978 ipsum
1136 2903 1197 2962 in
1229 2917 1366 2970 eam
1393 2909 1636 2979 gentem
1665 2902 1886 2964 iturum
1913 2903 2282 2978 Eposogna·

309 2991 436 3045 tum
468 2999 1047 3062 persuasurumque,
1076 2992 1145 3046 ut
1171 2987 1470 3061 imperata
1499 2987 1740 3048 saciant.
1801 2987 1944 3047 data
1969 2987 2153 3047 venia
2181 3002 2282 3047 re-

310 3070 475 3142 gulo,
502 3068 643 3130 duci
675 3068 817 3132 inde
849 3067 1157 3132 exercitus
1189 3086 1303 3146 per
1321 3070 1576 3148 Axylon
1600 3086 1782 3144 quam
1804 3077 2032 3130 vocant
2053 3077 2284 3131 terram

311 3160 590 3228 coeptus.
657 3155 736 3214 ab
764 3169 833 3214 re
863 3159 1087 3215 nomen
1115 3154 1332 3214 habet:
1377 3170 1498 3214 non
1531 3152 1679 3228 ligni
1707 3153 1895 3214 modo
1927 3154 2278 3230 quicquam,

310 3236 422 3296 sed
472 3251 552 3296 ne
604 3237 817 3312 spinas
872 3237 1118 3312 quidem
1166 3245 1271 3298 aut
1317 3239 1506 3296 ullum
1553 3238 1717 3298 aliud
1768 3237 2118 3298 alimentum
2159 3238 2284 3300 sert

308 3319 500 3393 ignis;
544 3320 689 3380 fimo
718 3319 947 3383 bubulo
979 3335 1090 3396 pro
1119 3320 1300 3396 lignis
1330 3327 1598 3382 utuntur.
1658 3322 1758 3382 Ad
1787 3321 2102 3381 Cuballum
2135 3319 2275 3380 Gal·

308 3401 653 3476 logi-acciae
680 3405 996 3464 castellum
1012 3411 1214 3464 castra
1234 3403 1604 3465 habentibus
1613 3405 1908 3466 Romanis
1925 3420 2004 3478 ap
2012 3420 2278 3479 paruere

307 3497 445 3543 cum
487 3500 709 3560 magno
750 3489 1007 3546 tumultu
1034 3486 1302 3548 hostium
1334 3486 1608 3562 equiteS,
1649 3503 1764 3548 nec
1794 3487 2115 3549 turbarunt
2139 3494 2278 3550 tan—
