2548 3950
556 207 788 268 LIBER
809 208 1046 268 ΧΧΧΠ.
1102 207 1266 269 CAP.
1300 217 1381 272 19.
1406 219 1493 272 20.
1518 221 1609 272 21.
1657 217 1970 285 [a.c.198]
2155 215 2241 278 63

275 369 590 438 optarent,
637 361 788 422 satis
821 363 1158 427 constabat.
1227 363 1305 422 ad
1336 362 1613 424 homines
1644 365 1729 424 ita
1754 367 2023 427 incertos
2052 367 2243 430 intro-

271 447 476 508 ductis
505 445 722 522 legatis
745 452 1023 520 potestas
1049 446 1294 507 dicendi
1316 449 1477 506 sacta
1498 456 1609 508 est.
1638 449 1957 510 Romanus
1980 451 2245 526 primum

273 534 513 606 legatus
541 530 610 588 L.
643 529 1022 604 Calpur-mm,
1057 529 1281 590 deinde
1309 531 1495 590 Attali
1524 533 1689 606 regis
1718 534 1918 608 legati,
1955 543 2103 609 post
2132 553 2245 598 eos

269 614 498 676 Rhodii
532 615 988 683 disseruerunt3
1033 613 1297 688 Philippi
1340 615 1565 674 deinde
1594 617 1814 691 legatis
1848 624 2123 692 potestas
2156 621 2247 680 di-

273 699 454 759 cendi
485 699 644 758 facta
674 705 802 772 est;
849 698 1143 772 postremi
1172 698 1616 773 Atheniense8‚
1648 707 1715 760 ut
1742 702 2092 764 refellerent
2117 704 2246 764 Ma-

273 784 578 844 cedonum
608 782 800 854 dieta,
829 781 1018 842 auditi
1047 788 1210 842 sunt.
1285 783 1325 841 ii
1356 784 1485 842 fere
1514 785 1897 845 atrocissime
1926 785 1986 845 in
2016 803 2246 864 regem,

273 867 422 942 quia
459 866 607 926 nulli
648 881 764 926 nec
805 867 984 940 plura
1025 881 1141 926 nec
1169 873 1295 926 tam
1322 867 1549 926 acerba
1574 869 1747 942 passi
1778 878 1975 942 erant,
2024 871 2243 939 invecti²

274 958 434 1010 sunt.
493 957 554 1009 et
581 949 684 1008 illa
728 949 975 1025 quidem
1007 950 1210 1010 contio
1241 949 1360 1010 sub
1391 966 1683 1011 occasum
1712 952 1864 1012 solis
1894 960 1985 1014 tot
2014 957 2244 1030 legato-

269 1051 410 1094 rum
467 1035 782 1108 perpetuis
838 1033 1220 1097 orationibus
1269 1033 1379 1094 -die
1427 1033 1755 1110 absumpto
1816 1038 2075 1098 dimissa
2130 1046 2243 1100 est.

269 1120 399 1178 XX.
443 1123 696 1192 postero
727 1118 826 1177 die
855 1118 1193 1179 advocatur
1223 1118 1579 1189 concilium;
1623 1120 1727 1180 ubi
1760 1135 1897 1182 cum
1930 1137 2042 1197 per
2067 1138 2245 1198 prae-

275 1217 526 1276 conem,
569 1201 728 1263 sicut
759 1201 1010 1262 Graecis
1051 1219 1188 1263 mos
1231 1210 1357 1276 est,
1411 1203 1741 1277 suadendi,
1788 1207 1842 1266 si
1874 1207 2012 1282 quis
2042 1210 2243 1280 vellet,

271 1291 554 1362 potestas
583 1303 622 1346 a
649 1287 1102 1362 magistratibus
1147 1289 1310 1346 facta
1350 1293 1547 1360 esset,
1590 1305 1706 1347 nec
1742 1290 2073 1366 quisquam
2104 1308 2239 1366 pro-

271 1372 455 1445 diret,
498 1370 603 1430 diu
635 1370 937 1430 silentium
982 1372 1240 1432 aliorum
1269 1371 1425 1430 alios
1454 1371 1813 1432 intuentium
1842 1375 1973 1433 fuit.
2041 1391 2245 1449 neque

271 1455 525 1529 mirum,
568 1453 653 1528 si,
695 1455 918 1530 quibus
961 1471 1080 1516 sua
1118 1461 1343 1531 sponte
1383 1455 1797 1516 volutantibus
1845 1472 1949 1517 res
1993 1459 2151 1518 inter
2174 1474 2247 1520 se

268 1545 690 1616 repugnantes
723 1539 1165 1614 obtorpuerant
1193 1539 1463 1614 quodam
1493 1539 1680 1601 modo
1710 1540 1923 1615 animi,
1966 1557 2077 1602 eos
2110 1559 2243 1604 ora-

269 1625 472 1685 tiones
519 1637 768 1697 quoque
809 1623 1068 1698 insuper
1094 1623 1517 1696 turbaverant,
1560 1625 1865 1700 utrimque
1896 1641 2057 1702 quae
2087 1627 2245 1687 difli-

275 1709 414 1768 cilia
443 1715 695 1781 essent,
749 1707 1090 1782 promendo
1145 1708 1663 1784 admonendoque
1712 1725 1827 1784 per
1867 1715 2059 1771 totum
2086 1711 2243 1772 diem

269 1790 534 1852 habitae.
578 1791 824 1851 tandem
854 1792 1219 1852 Aristaenus
1251 1798 1499 1867 praetor
1526 1792 1916 1856 Achaeorum
1934 1841 1949 1867 ,
1993 1811 2070 1854 ne
2098 1796 2244 1856 taci-

269 1884 395 1935 tum
426 1875 752 1936 concilium
783 1875 1120 1952 dimitteret,
1151 1876 1336 1951 ‚,ubi“
1367 1877 1561 1950 inquit
1588 1877 1731 1951 „illa
1760 1879 2091 1938 certamina
2116 1880 2241 1938 ani-

271 1975 528 2035 morum,
558 1960 811 2033 Achaei,
843 1967 1012 2036 sunt,
1045 1962 1266 2037 quibus
1300 1962 1359 2021 in
1392 1960 1781 2021 conviviis-et
1810 1962 2073 2033 circuliS‚
2107 1980 2240 2024 cum

174 2108 180 2118 ,
271 2046 352 2105 de
372 2043 656 2119 Philippo
700 2051 760 2104 et
786 2046 1078 2106 Romanis
1109 2046 1333 2107 mentio
1365 2046 1604 2120 incidit,
1647 2047 1753 2105 vix
1784 2047 2064 2107 manibus
2094 2056 2241 2107 tem·

273 2124 551 2205 peratis?
597 2144 760 2189 nunc
796 2130 854 2189 in
894 2130 1152 2191 concilio
1184 2132 1265 2190 ad
1294 2146 1429 2191 eam
1458 2145 1587 2189 rem
1616 2146 1797 2190 unam
1828 2132 2076 2203 indicto,
2108 2148 2244 2192 cum

270 2214 612 2288 legatorum
645 2213 947 2289 utrimque
976 2214 1170 2275 verba
1199 2214 1513 2274 audieritis
1531 2258 1545 2283 ,
1592 2228 1729 2272 cum
1758 2215 2031 2274 referant
2056 2216 2244 2289 magi-

275 2303 536 2372 stratus,
582 2312 720 2357 cum
768 2313 996 2371 praeco
1025 2298 1120 2359 ad
1151 2298 1541 2359 suadendum
1569 2302 1781 2370 vocet,
1828 2297 2245 2357 obmutuistis!

225 2384 232 2390 '
275 2382 328 2441 si
359 2397 484 2441 non
515 2396 664 2441 cura
693 2382 906 2443 salutis
938 2382 1310 2454 communis,
1357 2396 1435 2439 ne
1464 2381 1667 2440 studia
1698 2380 1962 2456 quidem,
1996 2397 2156 2457 quae
2184 2382 2245 2441 in

273 2466 434 2525 hanc
459 2472 564 2527 aut
583 2465 643 2524 in
668 2466 830 2526 illam
854 2474 1088 2541 partem
1103 2466 1343 2525 animos
1361 2470 1607 2525 vestros
1629 2465 2013 2541 inclinarunt,
2028 2481 2247 2525 vocem

279 2549 567 2625 cuiquam
611 2556 878 2625 possunt
915 2551 1304 2625 exprimere?
1358 2565 1495 2609 cum
1528 2549 1884 2624 praesertim
1913 2566 2093 2610 nemo
2124 2555 2245 2610 tam

273 2633 470 2693 hebes
510 2634 618 2707 sit,
662 2634 762 2708 qui
808 2635 1092 2709 ignorare
1134 2634 1338 2709 possit
1364 2633 1607 2693 dicendi
1638 2649 1712 2693 ac
1742 2634 2043 2694 suadendi
2078 2634 2248 2709 quod

277 2718 546 2793 quisque
597 2725 702 2778 aut
751 2719 899 2779 velit
944 2725 1052 2779 aut
1101 2719 1395 2794 optimum
1439 2724 1609 2792 putet
1646 2734 1811 2778 nunc
1854 2719 2247 2779 occasionem

275 2816 441 2876 esse,
471 2800 831 2877 priusquam
864 2804 1193 2879 quiequam
1218 2803 1649 2863 decernamus:
1693 2801 1798 2862 ubi
1822 2805 2013 2863 semel
2035 2802 2245 2863 decre-

277 2893 406 2945 tum
437 2885 581 2957 erit,
628 2886 912 2947 omnibus
943 2888 1036 2961 id,
1069 2887 1246 2947 etiam
1280 2886 1503 2961 quibus
1532 2892 1672 2947 ante
1704 2886 2098 2961 displicuerit,
2129 2902 2245 2961 pro

276 2969 444 3031 bono
471 2976 656 3045 atque
676 2971 806 3031 utili
827 2973 960 3031 fore
985 2970 1501 3031 defendendum.“
1531 2972 1685 3031 haec
1701 2970 2043 3030 adhortatio
2069 2985 2245 3045 prae-

277 3054 436 3114 toris
477 3070 600 3115 non
642 3056 829 3116 modo
875 3070 1243 3131 quemquam
1280 3053 1473 3115 unum'
1496 3054 1703 3115 elicuit
1730 3054 1810 3113 ad
1838 3053 2244 3125 suadendum,

275 3138 393 3199 sed
422 3152 502 3197 ne
531 3138 828 3199 fremitum
868 3140 1111 3215 quidem
1147 3147 1254 3200 aut
1292 3155 1561 3199 murmur
1604 3136 1907 3197 contionis
1936 3143 2139 3197 tantae
2168 3153 2247 3195 ex

276 3228 370 3283 tot
391 3223 640 3297 populis
666 3230 1071 3299 congregatae
1091 3222 1299 3283 movit.
1338 3222 1492 3281 XXI.
1536 3228 1662 3282 tum
1682 3218 2047 3281 Aristaenus
2068 3235 2331 3295 praee—..2
2399 3276 2407 3283 .

273 3314 374 3367 tor
399 3322 620 3367 rursus
649 3323 814 3380 „non
836 3308 1032 3383 magis
1056 3306 1377 3367 consilium
1398 3304 1597 3379 vobis,
1628 3303 1942 3380 principes
1963 3304 2246 3365 Achaeo-

273 3406 446 3465 rum,
495 3390 672 3451 deest
721 3407 904 3466 quam
955 3392 1190 3466 lingum
1250 3390 1361 3451 sed
1404 3405 1519 3450 suo
1564 3389 1826 3465 quisque
1868 3383 2141 3463 periculo
2185 3388 2243 3447 in

275 3490 606 3541 commune
637 3476 978 3535 consultum
1010 3490 1134 3535 non
1167 3475 1313 3535 vult.
1370 3473 1623 3535 forsitan
1656 3489 1772 3549 ego
1806 3489 2054 3549 quoque
2080 3480 2242 3533 tace-
