2548 3950
369 242 501 305 292·
662 242 893 303 LIBER
912 241 1207 301 XXXVII.
1255 238 1422 299 CAP.
1443 248 1531 300 35.
1555 247 1644 301 36.
1671 239 1743 315 [a.
1765 244 1836 296 U.
1859 260 1906 297 c.
1933 242 2056 311 562]

369 394 575 473 parari
604 393 849 469 singula
872 390 1249 465 acquirendo
1272 388 1512 451 facilius
1536 392 1818 465 potuisse
1843 407 2026 466 quarn
2044 392 2352 455 universa

368 478 563 541 teneri
604 492 827 553 possea
874 473 1098 550 quodsi
1126 472 1316 535 Asiae
1347 488 1599 549 quoque
1626 482 1862 549 partem
1897 474 2165 549 aliquam
2195 476 2348 537 abs-

370 562 613 625 trahere
652 560 871 635 velint,
920 558 1251 627 dummodo
1291 571 1418 621 non
1461 557 1664 618 dubiis
1704 556 2059 633 regionibus
2101 559 2342 633 finiant,

371 645 536 705 vinci
564 659 741 705 suam
767 640 1228 717 temperantiam
1249 640 1529 703 Romana
1557 641 1888 717 cupiditate
1910 642 2084 716 pacis
2107 650 2170 711 et
2191 658 2346 705 con-

374 727 622 791 cordiae
650 743 843 789 causa
866 740 1076 800 regem
1103 740 1455 801 passurum.
1498 741 1575 785 ea
1601 740 1761 802 quae
1787 726 1988 800 legato
2013 742 2242 801 magna
2263 728 2347 787 ad

374 828 589 887 paceni
640 809 1083 887 impetrandam
1130 809 1524 881 videbantur,
1585 825 1778 884 parva
1823 810 2117 871 Romanis
2169 809 2343 872 visa=

372 912 515 957 nam
552 901 617 957 et
653 894 1025 971 impensam,
1080 908 1240 967 quae
1282 893 1343 954 in
1383 892 1608 953 bellum
1656 895 1812 953 facta
1855 902 2049 967 esset,
2095 910 2347 955 omnem

374 985 693 1055 praestare
732 994 942 1053 regem
984 992 1250 1053 aequum
1291 977 1654 1051 censebant,
1699 978 1872 1037 cuius
1902 977 2086 1053 culpa
2111 978 2348 1038 bellum

374 1065 702 1124 excitatum
734 1068 931 1135 esset3
976 1068 1037 1120 et
1062 1078 1188 1121 non
1215 1062 1388 1122 Ionia
1407 1060 1594 1121 modo
1618 1068 1804 1135 atque
1828 1060 2090 1122 Aeolide
2113 1060 2347 1122 deduci

376 1146 605 1207 debere
642 1148 814 1220 regia
847 1144 1187 1220 praesidia,
1230 1144 1344 1204 sed
1385 1144 1544 1205 sicut
1573 1144 1830 1205 Graecia
1857 1145 2054 1207 omnis
2083 1144 2350 1205 liberata

375 1236 561 1305 esset,
592 1230 676 1288 ita
706 1244 865 1304 quae
892 1229 955 1287 in
978 1228 1133 1289 Asia
1162 1228 1286 1289 sint
1310 1243 1526 1289 omnes
1555 1229 1799 1289 liberari
1831 1229 2036 1289 urbes.
2077 1228 2144 1289 id
2167 1228 2346 1289 aliter

376 1314 510 1374 fieri
540 1329 665 1374 non
693 1327 906 1388 posse,
940 1326 1125 1387 quam
1152 1319 1221 1373 ut
1250 1313 1338 1372 cis
1360 1312 1622 1373 Taurum
1641 1318 1907 1373 montem
1931 1314 2346 1387 possessione

373 1398 563 1457 Asiae
592 1396 933 1458 Antiochus
966 1397 1161 1457 cedat.
1356 1446 1359 1449 .
2015 1463 2018 1465 v

542 1481 812 1543 XXXVI.
865 1481 1130 1555 Legatus
1182 1487 1512 1555 postquam
1560 1480 1707 1540 nihil
1757 1481 1938 1556 aequi
1978 1481 2039 1540 in
2081 1481 2346 1544 consilio

376 1572 703 1641 impetrare
756 1580 825 1624 se
868 1564 1187 1639 censebat,
1233 1564 1514 1640 privatim
1531 1596 1619 1609 -—
1641 1563 1732 1623 sic
1770 1564 1931 1623 enim
1973 1564 2348 1641 imperatum

376 1655 507 1708 erat
526 1680 613 1693 —-
630 1648 693 1706 P.
713 1647 1018 1724 Scipionis
1037 1655 1336 1724 temptare
1357 1649 1622 1709 animum
1643 1654 1738 1707 est
1759 1654 2036 1709 conatus.
2069 1650 2349 1711 omnium

376 1732 639 1807 primurn
687 1732 879 1792 filiurn
929 1733 985 1791 ei
1040 1732 1173 1793 sine
1226 1732 1422 1808 pretio
1473 1731 1872 1792 redditurum·
1895 1746 2105 1807 regem
2155 1731 2346 1805 dixit;

377 1816 602 1876 deinde
641 1817 890 1891 ignarus
928 1822 987 1875 et
1021 1817 1203 1876 animi
1234 1814 1542 1891 Scipionis
1573 1822 1636 1876 et
1659 1816 1848 1877 moris
1875 1816 2166 1891 Romani,
2210 1818 2345 1878 aun?

382 1900 623 1979 pondus
651 1900 870 1975 ingens
899 1900 1205 1975 pollicitus
1237 1906 1361 1975 est,
1404 1908 1464 1959 et
1493 1900 1740 1961 nomine
1767 1906 2000 1960 tantum
2027 1901 2202 1975 regio
2237 1917 2344 1960 ex·

382 1991 557 2061 cepto
600 1986 955 2046 societatem
998 1983 1195 2046 omnis
1238 1985 1442 2060 regni,
1486 1986 1539 2045 si
1582 2001 1696 2060 per
1723 2000 1864 2046 eum
1893 2000 2112 2060 pacem
2147 1987 2348 2062 impe-

376 2077 617 2129 trasset.
664 2069 745 2130 ad
767 2084 842 2129 ea
867 2067 1073 2144 Scipio
1104 2069 1315 2146 „quod
1335 2070 1647 2130 Romanos
1671 2067 1890 2142 omniS‚
1925 2069 2095 2145 quod
2117 2085 2236 2142 me,
2266 2071 2345 2130 ad

380 2168 562 2228 quem
590 2154 818 2219 missus
846 2168 935 2226 es,
967 2155 1247 2228 ignoras,
1291 2151 1492 2212 minus
1521 2153 1736 2226 miror,
1784 2169 1919 2212 cum
1946 2160 2007 2214 te
2033 2153 2348 2213 fortunam

380 2237 513 2298 eius
544 2249 581 2296 a
612 2253 733 2312 quo
776 2237 953 2296 venis
994 2238 1278 2311 ignorare
1319 2252 1582 2297 cernam.
1652 2237 2044 2316 Lysimachia
2074 2236 2352 2297 tenenda

378 2327 531 2394 erat,
568 2335 647 2380 ne
684 2320 1132 2381 Chersonesum
1172 2319 1566 2396 intraremuS,
1609 2329 1713 2383 aut
1753 2323 1832 2380 ad
1872 2315 2352 2398 Hellespontu'm

380 2403 819 2478 obsistendum,
850 2419 931 2462 ne
950 2404 1010 2463 in
1031 2405 1243 2465 Asiam
1264 2406 1678 2478 traiceremuS,
1711 2405 1764 2464 si
1788 2421 2004 2481 pacem
2029 2411 2350 2480 tamquam

380 2488 456 2547 ab
488 2487 762 2548 sollicitis
794 2487 873 2547 de
900 2488 1043 2548 belli
1073 2494 1295 2564 eventu
1323 2487 1566 2564 petituri
1595 2489 1796 2549 eratis.
1855 2504 2157 2550 concesso
2185 2505 2349 2550 vero

380 2572 441 2630 in
472 2570 682 2632 Asiam
710 2572 984 2645 transitu,
1016 2578 1077 2632 et
1101 2589 1227 2633 non
1258 2573 1459 2634 solum
1488 2573 1678 2632 frenis
1708 2574 1821 2633 sed
1853 2573 2035 2633 etiam
2063 2574 2208 2647 iugo
2242 2587 2350 2632 ac·-

382 2663 595 2728 cepto,
633 2671 792 2729 quae
823 2655 1185 2730 disceptatio
1216 2672 1296 2716 ex
1326 2672 1556 2731 aequo,
1591 2671 1726 2716 cum
1757 2656 2076 2732 imperium
2106 2654 2351 2734 patien-

383 2737 525 2796 dum
556 2734 664 2810 sit,
707 2738 919 2797 relicta
948 2745 1085 2798 est?
1125 2754 1241 2814 ego
1270 2756 1349 2799 ex
1377 2739 1788 2803 munificentia
1813 2741 1980 2815 regia
2009 2739 2352 2800 maximum

380 2821 611 2880 donum
648 2818 839 2881 filium
873 2821 1113 2882 habebo
1131 2869 1145 2894 ‚
1190 2822 1326 2884 aliis
1357 2825 1510 2884 deos
1542 2839 1765 2898 precor
1790 2839 1869 2884 ne
1895 2839 2186 2900 umquam
2219 2825 2352 2884 for-

384 2911 525 2964 tuna
566 2911 745 2979 egeat
782 2920 949 2977 mea;
1006 2905 1245 2967 animus
1291 2914 1458 2966 certe
1493 2924 1616 2967 non
1660 2907 1880 2984 egebit.
1935 2924 2054 2983 pro
2079 2913 2255 2969 tanto
2285 2907 2354 2966 in

381 3003 475 3048 me
502 3003 755 3050 munere
780 2995 1016 3064 gratum
1044 3005 1145 3051 me
1174 2991 1235 3050 in
1266 3005 1337 3050 se
1365 3005 1510 3052 esse
1533 2991 1770 3066 sentiet,
1799 2992 1854 3053 si
1879 2992 2174 3066 privatam
2202 3006 2354 3066 gra-

381 3073 520 3132 tiam
546 3089 658 3147 pro
682 3071 920 3147 privato
944 3073 1245 3136 beneficio
1262 3074 1664 3136 desiderabit:
1695 3075 1936 3150 publice
1957 3091 2072 3136 nec
2095 3074 2356 3136 habebo

381 3157 710 3232 quicquam
738 3157 814 3216 ab
844 3158 947 3218 illo
977 3174 1093 3218 nec
1122 3157 1305 3220 dabo.
1349 3159 1518 3233 quod
1544 3159 1606 3218 in
1636 3160 1986 3234 praesentia
2014 3159 2164 3219 dare
2191 3175 2354 3234 pos-

376 3239 523 3310 sim,
557 3239 739 3300 fidele
768 3239 1091 3315 consilium
1119 3247 1233 3300 est.
1298 3242 1426 3314 abi,
1475 3243 1686 3303 nuntia
1711 3243 1865 3304 meis
1891 3242 2097 3304 verbis
2115 3288 2131 3316 ,
2175 3243 2356 3303 bello

378 3322 657 3396 absistat,
686 3324 857 3399 pacis
888 3325 1313 3386 condicionem
1340 3327 1568 3386 nullam
1595 3329 1900 3387 recuset.“
1940 3326 2089 3386 nihil
2113 3341 2189 3386 ea
2211 3341 2355 3385 mo-

377 3413 599 3465 verunt
624 3421 849 3480 regem,
878 3411 1068 3466 tutam
1100 3409 1233 3470 fore
1257 3408 1402 3468 belli
1431 3410 1623 3469 aleam
1653 3417 1879 3482 ratum,
1920 3411 2168 3485 quando
2203 3427 2328 3484 per

378 3487 523 3546 inde
563 3503 635 3546 ac
682 3488 841 3548 vieto
887 3489 1005 3548 iam
1035 3491 1150 3550 sibi
1176 3491 1350 3565 leges
1381 3489 1742 3553 dicerentur.
1809 3493 2040 3554 omissa
2065 3492 2258 3570 igitur
2287 3500 2352 3554 iu
