2548 3950
348 273 474 340 174
630 273 859 336 121ssssss
888 273 1157 332 xxxlv.
1201 247 1365 331 cAP.
1395 280 1483 336 61.
1507 281 1595 334 62.
1641 277 2030 346 [2.1J.0.⁵⁵9]

347 430 484 491 silio
524 425 913 500 HannibaliS,
965 426 1017 485 si
1062 425 1290 485 absens
1341 441 1591 502 quoque
1632 442 1831 486 novas
1867 427 2068 486 moliri
2110 443 2212 488 res
2255 437 2320 490 et

348 511 732 574 sollicitando
789 511 1027 570 animos
1084 509 1398 570 hominum
1459 509 1707 570 turbare
1763 516 1987 570 statum
2051 511 2316 574 civitatis

347 602 583 673 posset.
646 595 997 656 Aristonem
1041 594 1378 668 quendam,
1419 594 1669 672 Tyrium
1711 594 2046 678 advenam,
2089 595 2308 656 instru-

345 689 509 743 ctum
556 679 860 740 mandatis
904 678 981 738 ab
1020 677 1363 737 Hannibale
1403 685 1466 738 et
1501 692 1648 752 rege
1688 678 1998 739 Antiocho
2043 681 2312 752 venisse,

348 771 550 826 certos
578 762 859 824 homines
891 761 1163 838 quotidie
1191 778 1327 821 cum
1360 776 1433 821 eo
1467 769 1706 822 secreta
1733 763 2046 837 colloquia
2069 779 2314 833 serere;

345 849 408 908 in
440 846 678 909 occulto
723 846 907 921 coqui
938 845 1105 922 quod
1134 862 1280 905 mox
1309 846 1368 904 in
1402 845 1667 906 omnium
1699 846 2032 920 perniciem
2066 854 2313 922 eruptu-

345 947 479 994 rum
520 927 707 992 esset.
776 931 1161 991 conclamare
1192 945 1406 991 omnes
1437 931 1646 990 vocari
1681 931 2035 992 Aristonem
2068 931 2316 1003 debere,

346 1025 409 1078 et
437 1015 649 1091 quaeri
691 1014 841 1090 quid
882 1015 1185 1088 venisset,
1229 1020 1292 1074 et
1317 1013 1434 1074 nisi
1461 1022 1881 1089 expromeret,
1927 1030 2068 1074 cum
2098 1014 2314 1090 legatis

348 1101 603 1164 Romam
637 1099 804 1158 mitti.
880 1097 1030 1158 satis
1062 1113 1175 1171 pro
1206 1098 1540 1158 temeritate
1566 1099 1750 1159 unius
1780 1097 2044 1159 hominis
2078 1097 2314 1174 suppli-

351 1183 580 1244 ciorum
621 1197 882 1256 pensum
924 1195 1085 1242 esse.
1154 1181 1429 1256 privatos
1461 1198 1575 1242 suo
1605 1182 1877 1258 periculo
1908 1189 2313 1258 peccaturo&

346 1281 477 1327 rem
527 1265 835 1340 publicam
884 1280 1007 1325 non
1050 1270 1225 1324 extra
1262 1281 1490 1326 noxam
1531 1266 1716 1326 modo
1759 1267 1875 1328 sed
1914 1267 2098 1326 etiam
2144 1274 2314 1326 extra

348 1350 571 1409 famam
600 1365 803 1410 noxae
828 1350 1316 1411 conservandam
1333 1365 1496 1411 esse.
1535 1357 1790 1412 vocatus
1813 1351 2023 1411 Aristo
2047 1365 2315 1426 purgare

349 1449 510 1505 sese,
542 1441 603 1494 et
630 1434 980 1494 firmissimo
1012 1435 1477 1509 propugnaculo
1507 1435 1594 1494 uti
1618 1435 1788 1510 quod
1810 1435 2144 1495 litterarum
2169 1433 2315 1492 nihil

347 1518 428 1578 ad
469 1533 837 1592 quemquam
880 1519 1198 1579 attulisset.
1265 1513 1531 1580 ceterum
1572 1535 1687 1578 nec
1730 1534 1982 1580 causam
2011 1520 2315 1578 adventus

350 1599 503 1660 satis
546 1601 941 1676 expediebat,
984 1603 1132 1663 etin
1159 1618 1235 1663 eo
1266 1603 1530 1662 maxime
1557 1601 1929 1677 haesitabat,
1975 1601 2142 1678 quod
2179 1617 2316 1662 cum

344 1683 645 1742 Barcinae
690 1685 889 1744 solum
931 1685 1213 1746 factionis
1255 1685 1603 1746 hominibus
1648 1687 2017 1746 collocutum
2047 1701 2188 1745 eum
2219 1702 2310 1744 ar—

347 1764 631 1839 guebant.
705 1771 836 1824 orta
874 1766 1017 1827 inde
1057 1771 1370 1831 altercatio
1413 1779 1538 1846 est,
1590 1770 1726 1831 aliis
1772 1787 1884 1845 pro
1925 1771 2317 1845 speculatore

352 1845 790 1922 comprehendi
815 1846 935 1906 iam
965 1857 1025 1906 et
1053 1854 1346 1923 custodiri
1377 1853 1744 1926 iubentibuS,
1785 1854 1918 1914 aliis
1947 1853 2313 1926 negantibus

346 1930 749 1993 tumultuandi
781 1946 1029 1991 causam
1054 1946 1215 1991 esse.
1254 1928 1396 1993 mali
1418 1948 1547 1993 rem
1569 1935 1832 2010 exempli
1857 1949 2003 1996 esse
2027 1937 2106 1994 de
2127 1935 2314 1996 nihilo

348 2015 629 2089 hospites
661 2015 905 2090 corripi.
950 2013 1111 2075 idem
1138 2016 1734 2091 Carthaginiensibus
1765 2026 1825 2079 et
1843 2020 1989 2097 Tyri
2012 2025 2072 2079 et
2094 2019 2153 2078 in
2181 2019 2312 2079 aliis

351 2099 660 2173 emporiis,
689 2097 751 2158 in
778 2116 935 2174 quae
957 2102 1310 2175 frequenter
1330 2112 1690 2176 commeant,
1717 2109 2096 2163 eventurum.
2129 2104 2313 2163 dilata

350 2197 426 2242 eo
458 2183 557 2244 die
597 2198 699 2244 res
730 2192 841 2245 est.
907 2185 1113 2245 Aristo
1142 2184 1372 2247 Punico
1414 2186 1658 2260 ingenio
1703 2187 1858 2248 inter
1881 2186 2130 2248 Poenos
2159 2204 2309 2248 usus

348 2266 604 2328 tabellas
636 2268 1017 2344 conscriptas
1057 2269 1452 2329 celeberrimo
1482 2270 1621 2332 loco
1651 2287 1842 2346 super
1869 2270 2083 2331 sedem
2116 2272 2310 2346 quoti·

352 2350 595 2411 dianam
636 2353 1093 2427 magistratuum
1138 2354 1336 2428 prima
1376 2368 1642 2428 vespera
1670 2354 2025 2431 suspendit,
2067 2356 2208 2429 ipse
2235 2356 2312 2415 de

354 2434 527 2494 tertia
564 2435 771 2509 vigilia
811 2451 1027 2495 navem
1072 2438 1433 2499 conscendit
1473 2444 1532 2497 et
1572 2439 1858 2514 profugit.
1924 2445 2178 2514 postero
2216 2439 2312 2499 die

355 2532 492 2577 cum
534 2518 765 2578 sufetes
808 2518 889 2577 ad
928 2518 1025 2580 ius
1069 2520 1394 2582 dicendum
1437 2523 1894 2597 consedissent,
1939 2530 2312 2599 conspectae

351 2599 611 2659 tabellae
650 2601 1057 2677 demptaeque
1099 2610 1160 2663 et
1197 2606 1410 2665 lectae.
1485 2606 1776 2681 scriptum
1806 2612 1937 2667 erat
1965 2607 2310 2668 Aristonem

353 2682 631 2757 privatim
663 2685 739 2743 ad
770 2683 1089 2761 neminem,
1122 2688 1366 2763 publice
1395 2690 1474 2748 ad
1505 2691 1784 2771 seniores
1813 2722 1900 2733 --
1922 2690 2006 2751 ita
2036 2699 2310 2757 senatum

349 2766 761 2827 vocabant—
781 2768 1065 2829 mandata
1105 2770 1418 2833 habuisse.
1482 2774 1794 2849 publicato
1832 2774 2086 2836 crimine
2114 2776 2310 2835 minus

348 2849 579 2937 intenta
618 2850 696 2910 de
735 2851 949 2926 paucis
992 2856 1269 2929 quaestio
1301 2863 1448 2917 erat.
1515 2858 1664 2918 mitti
1692 2867 1892 2920 tamen
1921 2860 2161 2933 legatos
2189 2859 2306 2919 Ro-

351 2949 542 3009 mm,
602 2935 705 3011 qui
752 2950 882 2995 rem
933 2938 1013 3012 ad
1070 2942 1359 3001 consules
1411 2948 1470 3001 et
1517 2942 1598 3001 ad
1647 2948 1926 3005 senatum
1983 2941 2308 3014 deferrent,

348 3019 609 3094 placuit3
675 3020 852 3081 simul
905 3020 1009 3096 qui
1061 3023 1139 3083 de
1187 3024 1422 3084 iniuriis
1469 3022 1838 3088 Masinissae
1889 3034 2307 3103 quererentur.

350 3101 526 3163 LXII.
580 3103 914 3166 Masinissa
954 3114 1286 3183 postquam
1328 3115 1388 3168 et
1413 3108 1672 3171 infames
1705 3110 2227 3186 Carthaginiensis
2255 3118 2312 3171 et

349 3186 505 3245 inter
536 3203 605 3248 se
634 3188 809 3264 ipsos
841 3189 1164 3252 discordes
1195 3192 1406 3266 sensit,
1437 3194 1817 3269 principibus
1846 3200 2103 3271 propter
2127 3198 2307 3258 collo-

352 3269 497 3341 quia
523 3270 829 3332 Anistonis
873 3274 1140 3348 senatui,
1186 3282 1406 3337 senatu
1435 3286 1687 3353 propter
1715 3278 2004 3341 indicium
2035 3278 2308 3339 eiusdem

350 3352 653 3412 Aristonis
711 3356 943 3429 populo
1006 3366 1332 3432 suspecto,
1389 3361 1590 3420 locum
1645 3362 1901 3423 iniuriae
1947 3378 2094 3425 esse
2143 3370 2306 3423 ratus

354 3444 564 3499 agrum
594 3435 950 3495 maritimum
981 3455 1192 3500 eorum
1220 3448 1282 3501 et
1310 3442 1720 3518 depopulatus
1751 3454 1874 3519 est,
1919 3453 1981 3507 et
2009 3447 2306 3523 quasdam

355 3509 540 3571 urbes
580 3517 895 3589 vectigalis
927 3519 1511 3596 Carthaginiensium
1551 3528 1669 3589 sibi
1711 3531 1912 3605 coegit
1937 3530 2304 3606 stipendium
