<?xml version="1.0" encoding="UTF-8"?>
<!DOCTYPE html PUBLIC "-//W3C//DTD XHTML 1.0 Transitional//EN"
    "http://www.w3.org/TR/xhtml1/DTD/xhtml1-transitional.dtd">
<html xmlns="http://www.w3.org/1999/xhtml" xml:lang="en" lang="en">
 <head>
  <title>
</title>
<meta http-equiv="Content-Type" content="text/html;charset=utf-8" />
  <meta name='ocr-system' content='tesseract 3.04.00' />
  <meta name='ocr-capabilities' content='ocr_page ocr_carea ocr_par ocr_line ocrx_word'/>
</head>
<body>
  <div class='ocr_page' id='page_1' title='image "./aburbeconditali14livygoog_0100.png"; bbox 0 0 2548 3950; ppageno 0'>
   <div class='ocr_carea' id='block_1_1' title="bbox 343 219 2223 296">
    <p class='ocr_par' dir='ltr' id='par_1_1' title="bbox 343 219 2223 296">
     <span class='ocr_line' id='line_1_1' title="bbox 343 219 2223 296; baseline 0.001 -14"><span class='ocrx_word' id='word_1_1' title='bbox 343 221 580 282; x_wconf 82' lang='lat' dir='ltr'>LIBER</span> <span class='ocrx_word' id='word_1_2' title='bbox 617 220 852 283; x_wconf 80' lang='lat' dir='ltr'><strong>XXXlI.</strong></span> <span class='ocrx_word' id='word_1_3' title='bbox 900 221 1065 280; x_wconf 85' lang='lat' dir='ltr'><strong>CAP.</strong></span> <span class='ocrx_word' id='word_1_4' title='bbox 1095 229 1183 284; x_wconf 78' lang='lat'><strong>28.</strong></span> <span class='ocrx_word' id='word_1_5' title='bbox 1205 229 1295 284; x_wconf 82' lang='lat'><strong>29.</strong></span> <span class='ocrx_word' id='word_1_6' title='bbox 1327 228 1400 294; x_wconf 74' lang='lat' dir='ltr'><strong>[a.</strong></span> <span class='ocrx_word' id='word_1_7' title='bbox 1429 227 1499 282; x_wconf 77' lang='lat' dir='ltr'><strong>U.</strong></span> <span class='ocrx_word' id='word_1_8' title='bbox 1523 232 1715 283; x_wconf 79' lang='lat' dir='ltr'><strong>c.555.</strong></span> <span class='ocrx_word' id='word_1_9' title='bbox 1746 245 1797 281; x_wconf 73' lang='lat' dir='ltr'><strong>a.</strong></span> <span class='ocrx_word' id='word_1_10' title='bbox 1827 228 1894 285; x_wconf 85' lang='lat' dir='ltr'><strong>c.</strong></span> <span class='ocrx_word' id='word_1_11' title='bbox 1924 229 2047 296; x_wconf 82' lang='lat'>197]</span> <span class='ocrx_word' id='word_1_12' title='bbox 2138 219 2223 284; x_wconf 85' lang='lat'><strong>73</strong></span> 
     </span>
    </p>
   </div>
   <div class='ocr_carea' id='block_1_2' title="bbox 224 370 2400 3549">
    <p class='ocr_par' dir='ltr' id='par_1_2' title="bbox 257 370 2273 3048">
     <span class='ocr_line' id='line_1_2' title="bbox 259 370 2219 451; baseline 0 -16"><span class='ocrx_word' id='word_1_13' title='bbox 259 371 670 451; x_wconf 83' lang='lat' dir='ltr'><strong>Sempronius</strong></span> <span class='ocrx_word' id='word_1_14' title='bbox 702 370 1074 445; x_wconf 87' lang='lat' dir='ltr'><strong>citeriorem,</strong></span> <span class='ocrx_word' id='word_1_15' title='bbox 1115 371 1375 432; x_wconf 90' lang='lat' dir='ltr'><strong>Helvius</strong></span> <span class='ocrx_word' id='word_1_16' title='bbox 1414 372 1766 436; x_wconf 83' lang='lat' dir='ltr'><strong>ulteriorem</strong></span> <span class='ocrx_word' id='word_1_17' title='bbox 1810 386 1907 438; x_wconf 91' lang='lat' dir='ltr'><strong>est</strong></span> <span class='ocrx_word' id='word_1_18' title='bbox 1946 375 2219 440; x_wconf 87' lang='lat' dir='ltr'><strong>sortitus.</strong></span> 
     </span>
     <span class='ocr_line' id='line_1_3' title="bbox 257 454 2221 534; baseline 0 -14"><span class='ocrx_word' id='word_1_19' title='bbox 257 455 624 520; x_wconf 83' lang='lat' dir='ltr'><strong>consulibus</strong></span> <span class='ocrx_word' id='word_1_20' title='bbox 666 454 898 516; x_wconf 83' lang='lat' dir='ltr'><strong>ltaliam</strong></span> <span class='ocrx_word' id='word_1_21' title='bbox 938 455 1490 531; x_wconf 81' lang='lat' dir='ltr'>Macedoniamque</span> <span class='ocrx_word' id='word_1_22' title='bbox 1534 458 1738 519; x_wconf 90' lang='lat' dir='ltr'><strong>sortiri</strong></span> <span class='ocrx_word' id='word_1_23' title='bbox 1766 459 2122 534; x_wconf 85' lang='lat' dir='ltr'><strong>parantibus</strong></span> <span class='ocrx_word' id='word_1_24' title='bbox 2148 461 2221 520; x_wconf 83' lang='lat' dir='ltr'><strong>L.</strong></span> 
     </span>
     <span class='ocr_line' id='line_1_4' title="bbox 259 538 2225 620; baseline 0.002 -18"><span class='ocrx_word' id='word_1_25' title='bbox 259 541 501 618; x_wconf 86' lang='lat' dir='ltr'><strong>Oppius</strong></span> <span class='ocrx_word' id='word_1_26' title='bbox 543 548 605 600; x_wconf 90' lang='lat' dir='ltr'><strong>et</strong></span> <span class='ocrx_word' id='word_1_27' title='bbox 644 539 716 614; x_wconf 82' lang='lat' dir='ltr'><strong>Q.</strong></span> <span class='ocrx_word' id='word_1_28' title='bbox 745 538 1000 600; x_wconf 86' lang='lat' dir='ltr'><strong>Fulvius</strong></span> <span class='ocrx_word' id='word_1_29' title='bbox 1041 538 1265 614; x_wconf 87' lang='lat' dir='ltr'><strong>tribuni</strong></span> <span class='ocrx_word' id='word_1_30' title='bbox 1306 539 1507 620; x_wconf 71' lang='lat' dir='ltr'><strong>plebis</strong></span> <span class='ocrx_word' id='word_1_31' title='bbox 1550 540 1982 617; x_wconf 88' lang='lat' dir='ltr'><strong>impedimento</strong></span> <span class='ocrx_word' id='word_1_32' title='bbox 2028 553 2225 620; x_wconf 79' lang='lat' dir='ltr'><strong>erant,</strong></span> 
     </span>
     <span class='ocr_line' id='line_1_5' title="bbox 261 621 2223 702; baseline 0.002 -16"><span class='ocrx_word' id='word_1_33' title='bbox 261 625 436 702; x_wconf 87' lang='lat' dir='ltr'><strong>quod</strong></span> <span class='ocrx_word' id='word_1_34' title='bbox 473 622 814 698; x_wconf 87' lang='lat' dir='ltr'><strong>longinqua</strong></span> <span class='ocrx_word' id='word_1_35' title='bbox 851 621 1171 699; x_wconf 87' lang='lat' dir='ltr'><strong>provincia</strong></span> <span class='ocrx_word' id='word_1_36' title='bbox 1207 623 1573 684; x_wconf 88' lang='lat' dir='ltr'><strong>Macedonia</strong></span> <span class='ocrx_word' id='word_1_37' title='bbox 1614 634 1812 699; x_wconf 81' lang='lat' dir='ltr'><strong>esset,</strong></span> <span class='ocrx_word' id='word_1_38' title='bbox 1856 643 2058 702; x_wconf 89' lang='lat' dir='ltr'><strong>neque</strong></span> <span class='ocrx_word' id='word_1_39' title='bbox 2096 629 2223 689; x_wconf 83' lang='lat' dir='ltr'><strong>ulla</strong></span> 
     </span>
     <span class='ocr_line' id='line_1_6' title="bbox 259 705 2223 786; baseline 0.002 -16"><span class='ocrx_word' id='word_1_40' title='bbox 259 709 384 770; x_wconf 85' lang='lat' dir='ltr'><strong>alia</strong></span> <span class='ocrx_word' id='word_1_41' title='bbox 409 723 514 768; x_wconf 89' lang='lat' dir='ltr'><strong>res</strong></span> <span class='ocrx_word' id='word_1_42' title='bbox 542 706 739 768; x_wconf 85' lang='lat' dir='ltr'><strong>maius</strong></span> <span class='ocrx_word' id='word_1_43' title='bbox 769 705 930 766; x_wconf 88' lang='lat' dir='ltr'><strong>bello</strong></span> <span class='ocrx_word' id='word_1_44' title='bbox 961 705 1461 781; x_wconf 82' lang='lat' dir='ltr'><strong>impedimentum</strong></span> <span class='ocrx_word' id='word_1_45' title='bbox 1490 709 1570 768; x_wconf 88' lang='lat' dir='ltr'><strong>ad</strong></span> <span class='ocrx_word' id='word_1_46' title='bbox 1611 725 1747 770; x_wconf 90' lang='lat' dir='ltr'><strong>eam</strong></span> <span class='ocrx_word' id='word_1_47' title='bbox 1774 709 1937 772; x_wconf 89' lang='lat' dir='ltr'><strong>diem</strong></span> <span class='ocrx_word' id='word_1_48' title='bbox 1980 711 2223 786; x_wconf 80' lang='lat' dir='ltr'><strong>fuisset,</strong></span> 
     </span>
     <span class='ocr_line' id='line_1_7' title="bbox 261 789 2221 871; baseline 0.002 -18"><span class='ocrx_word' id='word_1_49' title='bbox 261 809 448 868; x_wconf 87' lang='lat' dir='ltr'><strong>quam</strong></span> <span class='ocrx_word' id='word_1_50' title='bbox 471 792 641 866; x_wconf 91' lang='lat' dir='ltr'><strong>quod</strong></span> <span class='ocrx_word' id='word_1_51' title='bbox 660 789 916 850; x_wconf 82' lang='lat' dir='ltr'><strong>vixdum</strong></span> <span class='ocrx_word' id='word_1_52' title='bbox 938 789 1240 850; x_wconf 81' lang='lat' dir='ltr'><strong>inchoatis</strong></span> <span class='ocrx_word' id='word_1_53' title='bbox 1262 791 1449 851; x_wconf 89' lang='lat' dir='ltr'><strong>rebus</strong></span> <span class='ocrx_word' id='word_1_54' title='bbox 1472 791 1533 851; x_wconf 91' lang='lat' dir='ltr'><strong>in</strong></span> <span class='ocrx_word' id='word_1_55' title='bbox 1556 791 1696 868; x_wconf 91' lang='lat' dir='ltr'><strong>ipso</strong></span> <span class='ocrx_word' id='word_1_56' title='bbox 1722 803 1947 856; x_wconf 88' lang='lat' dir='ltr'><strong>conatu</strong></span> <span class='ocrx_word' id='word_1_57' title='bbox 1967 797 2221 871; x_wconf 79' lang='lat' dir='ltr'><strong>gerendi</strong></span> 
     </span>
     <span class='ocr_line' id='line_1_8' title="bbox 261 875 2225 951; baseline 0 -14"><span class='ocrx_word' id='word_1_58' title='bbox 261 876 406 937; x_wconf 87' lang='lat' dir='ltr'><strong>belli</strong></span> <span class='ocrx_word' id='word_1_59' title='bbox 435 875 605 951; x_wconf 91' lang='lat' dir='ltr'><strong>prior</strong></span> <span class='ocrx_word' id='word_1_60' title='bbox 631 875 849 934; x_wconf 87' lang='lat' dir='ltr'><strong>consul</strong></span> <span class='ocrx_word' id='word_1_61' title='bbox 878 881 1291 934; x_wconf 82' lang='lat' dir='ltr'><strong>revocaretur.</strong></span> <span class='ocrx_word' id='word_1_62' title='bbox 1364 883 1645 949; x_wconf 86' lang='lat' dir='ltr'><strong>quartum</strong></span> <span class='ocrx_word' id='word_1_63' title='bbox 1672 876 1792 937; x_wconf 86' lang='lat' dir='ltr'><strong>iam</strong></span> <span class='ocrx_word' id='word_1_64' title='bbox 1821 895 2045 939; x_wconf 86' lang='lat' dir='ltr'><strong>annum</strong></span> <span class='ocrx_word' id='word_1_65' title='bbox 2076 896 2225 940; x_wconf 79' lang='lat' dir='ltr'><strong>esse</strong></span> 
     </span>
     <span class='ocr_line' id='line_1_9' title="bbox 259 957 2219 1034; baseline 0.001 -15"><span class='ocrx_word' id='word_1_66' title='bbox 259 960 339 1020; x_wconf 89' lang='lat' dir='ltr'><strong>ab</strong></span> <span class='ocrx_word' id='word_1_67' title='bbox 369 961 619 1020; x_wconf 88' lang='lat' dir='ltr'><strong>decreto</strong></span> <span class='ocrx_word' id='word_1_68' title='bbox 647 957 1052 1018; x_wconf 87' lang='lat' dir='ltr'><strong>Macedonico</strong></span> <span class='ocrx_word' id='word_1_69' title='bbox 1083 957 1266 1018; x_wconf 84' lang='lat' dir='ltr'><strong>bello.</strong></span> <span class='ocrx_word' id='word_1_70' title='bbox 1334 959 1687 1033; x_wconf 83' lang='lat' dir='ltr'><strong>quaerendo</strong></span> <span class='ocrx_word' id='word_1_71' title='bbox 1717 976 1924 1034; x_wconf 85' lang='lat' dir='ltr'><strong>regem</strong></span> <span class='ocrx_word' id='word_1_72' title='bbox 1955 970 2016 1023; x_wconf 91' lang='lat' dir='ltr'><strong>et</strong></span> <span class='ocrx_word' id='word_1_73' title='bbox 2044 979 2219 1024; x_wconf 80' lang='lat' dir='ltr'><strong>exer-</strong></span> 
     </span>
     <span class='ocr_line' id='line_1_10' title="bbox 260 1040 2221 1120; baseline 0 -16"><span class='ocrx_word' id='word_1_74' title='bbox 260 1043 448 1104; x_wconf 90' lang='lat' dir='ltr'><strong>citum</strong></span> <span class='ocrx_word' id='word_1_75' title='bbox 479 1041 611 1104; x_wconf 88' lang='lat' dir='ltr'><strong>eius</strong></span> <span class='ocrx_word' id='word_1_76' title='bbox 643 1040 984 1116; x_wconf 87' lang='lat' dir='ltr'><strong>Sulpicium</strong></span> <span class='ocrx_word' id='word_1_77' title='bbox 1012 1040 1304 1103; x_wconf 85' lang='lat' dir='ltr'><strong>maiorem</strong></span> <span class='ocrx_word' id='word_1_78' title='bbox 1331 1049 1567 1118; x_wconf 87' lang='lat' dir='ltr'><strong>partem</strong></span> <span class='ocrx_word' id='word_1_79' title='bbox 1597 1044 1742 1106; x_wconf 89' lang='lat' dir='ltr'><strong>anni</strong></span> <span class='ocrx_word' id='word_1_80' title='bbox 1770 1045 2221 1120; x_wconf 80' lang='lat' dir='ltr'><strong>absumpsisse.</strong></span> 
     </span>
     <span class='ocr_line' id='line_1_11' title="bbox 257 1124 2217 1201; baseline 0.001 -15"><span class='ocrx_word' id='word_1_81' title='bbox 257 1126 509 1187; x_wconf 86' lang='lat' dir='ltr'><strong>Villium</strong></span> <span class='ocrx_word' id='word_1_82' title='bbox 539 1124 1038 1201; x_wconf 73' lang='lat' dir='ltr'><strong>congredientem</strong></span> <span class='ocrx_word' id='word_1_83' title='bbox 1075 1140 1214 1185; x_wconf 90' lang='lat' dir='ltr'><strong>cum</strong></span> <span class='ocrx_word' id='word_1_84' title='bbox 1256 1125 1437 1187; x_wconf 88' lang='lat' dir='ltr'><strong>hoste</strong></span> <span class='ocrx_word' id='word_1_85' title='bbox 1472 1143 1541 1186; x_wconf 89' lang='lat' dir='ltr'><strong>re</strong></span> <span class='ocrx_word' id='word_1_86' title='bbox 1581 1127 1806 1188; x_wconf 82' lang='lat' dir='ltr'><strong>infecta</strong></span> <span class='ocrx_word' id='word_1_87' title='bbox 1844 1138 2217 1190; x_wconf 84' lang='lat' dir='ltr'><strong>revocatum.</strong></span> 
     </span>
     <span class='ocr_line' id='line_1_12' title="bbox 261 1207 2220 1287; baseline 0.001 -17"><span class='ocrx_word' id='word_1_88' title='bbox 261 1208 608 1284; x_wconf 83' lang='lat' dir='ltr'><strong>Quinctium</strong></span> <span class='ocrx_word' id='word_1_89' title='bbox 655 1209 842 1270; x_wconf 89' lang='lat' dir='ltr'><strong>rebus</strong></span> <span class='ocrx_word' id='word_1_90' title='bbox 890 1207 1115 1269; x_wconf 90' lang='lat' dir='ltr'><strong>divinis</strong></span> <span class='ocrx_word' id='word_1_91' title='bbox 1163 1210 1401 1271; x_wconf 85' lang='lat' dir='ltr'><strong>Romae</strong></span> <span class='ocrx_word' id='word_1_92' title='bbox 1449 1209 1743 1272; x_wconf 89' lang='lat' dir='ltr'><strong>maiorem</strong></span> <span class='ocrx_word' id='word_1_93' title='bbox 1792 1222 2026 1287; x_wconf 85' lang='lat' dir='ltr'><strong>partem</strong></span> <span class='ocrx_word' id='word_1_94' title='bbox 2077 1214 2220 1279; x_wconf 74' lang='lat' dir='ltr'><strong>anni</strong></span> 
     </span>
     <span class='ocr_line' id='line_1_13' title="bbox 257 1291 2215 1368; baseline 0.001 -13"><span class='ocrx_word' id='word_1_95' title='bbox 257 1301 561 1355; x_wconf 67' lang='lat' dir='ltr'><strong>retentum</strong></span> <span class='ocrx_word' id='word_1_96' title='bbox 589 1293 672 1354; x_wconf 89' lang='lat' dir='ltr'><strong>ita</strong></span> <span class='ocrx_word' id='word_1_97' title='bbox 701 1291 981 1368; x_wconf 84' lang='lat' dir='ltr'><strong>gessisse</strong></span> <span class='ocrx_word' id='word_1_98' title='bbox 1019 1301 1221 1352; x_wconf 86' lang='lat' dir='ltr'><strong>tamen</strong></span> <span class='ocrx_word' id='word_1_99' title='bbox 1261 1309 1397 1368; x_wconf 90' lang='lat' dir='ltr'><strong>res,</strong></span> <span class='ocrx_word' id='word_1_100' title='bbox 1438 1300 1532 1364; x_wconf 87' lang='lat' dir='ltr'><strong>ut,</strong></span> <span class='ocrx_word' id='word_1_101' title='bbox 1576 1295 1631 1354; x_wconf 89' lang='lat' dir='ltr'><strong>si</strong></span> <span class='ocrx_word' id='word_1_102' title='bbox 1672 1302 1777 1356; x_wconf 87' lang='lat' dir='ltr'><strong>aut</strong></span> <span class='ocrx_word' id='word_1_103' title='bbox 1816 1295 2109 1357; x_wconf 89' lang='lat' dir='ltr'><strong>maturius</strong></span> <span class='ocrx_word' id='word_1_104' title='bbox 2154 1297 2215 1360; x_wconf 81' lang='lat' dir='ltr'><strong>in</strong></span> 
     </span>
     <span class='ocr_line' id='line_1_14' title="bbox 259 1375 2219 1454; baseline 0.002 -17"><span class='ocrx_word' id='word_1_105' title='bbox 259 1375 642 1454; x_wconf 86' lang='lat' dir='ltr'><strong>provinciam</strong></span> <span class='ocrx_word' id='word_1_106' title='bbox 683 1375 959 1437; x_wconf 88' lang='lat' dir='ltr'><strong>venisset</strong></span> <span class='ocrx_word' id='word_1_107' title='bbox 999 1384 1104 1438; x_wconf 87' lang='lat' dir='ltr'><strong>aut</strong></span> <span class='ocrx_word' id='word_1_108' title='bbox 1145 1376 1343 1437; x_wconf 88' lang='lat' dir='ltr'><strong>hiems</strong></span> <span class='ocrx_word' id='word_1_109' title='bbox 1382 1375 1580 1451; x_wconf 88' lang='lat' dir='ltr'><strong>magis</strong></span> <span class='ocrx_word' id='word_1_110' title='bbox 1628 1395 1771 1438; x_wconf 87' lang='lat' dir='ltr'><strong>sera</strong></span> <span class='ocrx_word' id='word_1_111' title='bbox 1808 1379 2057 1453; x_wconf 86' lang='lat' dir='ltr'><strong>fuisset,</strong></span> <span class='ocrx_word' id='word_1_112' title='bbox 2106 1397 2219 1454; x_wconf 79' lang='lat' dir='ltr'><strong>po·</strong></span> 
     </span>
     <span class='ocr_line' id='line_1_15' title="bbox 259 1459 2221 1536; baseline -0.001 -11"><span class='ocrx_word' id='word_1_113' title='bbox 259 1460 444 1525; x_wconf 87' lang='lat' dir='ltr'><strong>tuerit</strong></span> <span class='ocrx_word' id='word_1_114' title='bbox 485 1460 814 1521; x_wconf 87' lang='lat' dir='ltr'><strong>debellare.</strong></span> <span class='ocrx_word' id='word_1_115' title='bbox 897 1476 1060 1520; x_wconf 88' lang='lat' dir='ltr'><strong>nunc</strong></span> <span class='ocrx_word' id='word_1_116' title='bbox 1101 1476 1300 1536; x_wconf 86' lang='lat' dir='ltr'><strong>prope</strong></span> <span class='ocrx_word' id='word_1_117' title='bbox 1341 1459 1401 1519; x_wconf 90' lang='lat' dir='ltr'><strong>in</strong></span> <span class='ocrx_word' id='word_1_118' title='bbox 1445 1461 1700 1522; x_wconf 86' lang='lat' dir='ltr'><strong>hiberna</strong></span> <span class='ocrx_word' id='word_1_119' title='bbox 1750 1465 2093 1536; x_wconf 85' lang='lat' dir='ltr'><strong>profectum</strong></span> <span class='ocrx_word' id='word_1_120' title='bbox 2136 1461 2221 1524; x_wconf 86' lang='lat' dir='ltr'><strong>ita</strong></span> 
     </span>
     <span class='ocr_line' id='line_1_16' title="bbox 261 1543 2216 1622; baseline 0.002 -17"><span class='ocrx_word' id='word_1_121' title='bbox 261 1561 624 1620; x_wconf 86' lang='lat' dir='ltr'><strong>comparare</strong></span> <span class='ocrx_word' id='word_1_122' title='bbox 653 1543 777 1605; x_wconf 89' lang='lat' dir='ltr'><strong>dici</strong></span> <span class='ocrx_word' id='word_1_123' title='bbox 806 1544 1064 1617; x_wconf 89' lang='lat' dir='ltr'><strong>bellum,</strong></span> <span class='ocrx_word' id='word_1_124' title='bbox 1093 1553 1189 1616; x_wconf 90' lang='lat' dir='ltr'><strong>ut,</strong></span> <span class='ocrx_word' id='word_1_125' title='bbox 1217 1543 1337 1603; x_wconf 87' lang='lat' dir='ltr'><strong>nisi</strong></span> <span class='ocrx_word' id='word_1_126' title='bbox 1370 1560 1701 1605; x_wconf 85' lang='lat' dir='ltr'><strong>successor</strong></span> <span class='ocrx_word' id='word_1_127' title='bbox 1728 1544 2048 1621; x_wconf 90' lang='lat' dir='ltr'><strong>impediat,</strong></span> <span class='ocrx_word' id='word_1_128' title='bbox 2080 1563 2216 1622; x_wconf 88' lang='lat' dir='ltr'><strong>per-</strong></span> 
     </span>
     <span class='ocr_line' id='line_1_17' title="bbox 261 1627 2219 1706; baseline 0.001 -17"><span class='ocrx_word' id='word_1_129' title='bbox 261 1631 535 1690; x_wconf 82' lang='lat' dir='ltr'><strong>fecturus</strong></span> <span class='ocrx_word' id='word_1_130' title='bbox 565 1635 798 1689; x_wconf 77' lang='lat' dir='ltr'><strong>aestate</strong></span> <span class='ocrx_word' id='word_1_131' title='bbox 829 1627 1110 1702; x_wconf 81' lang='lat' dir='ltr'><strong>proxima</strong></span> <span class='ocrx_word' id='word_1_132' title='bbox 1141 1627 1434 1688; x_wconf 88' lang='lat' dir='ltr'><strong>videatur.</strong></span> <span class='ocrx_word' id='word_1_133' title='bbox 1518 1627 1617 1690; x_wconf 92' lang='lat' dir='ltr'><strong>his</strong></span> <span class='ocrx_word' id='word_1_134' title='bbox 1660 1629 2035 1692; x_wconf 86' lang='lat' dir='ltr'><strong>orationibus</strong></span> <span class='ocrx_word' id='word_1_135' title='bbox 2079 1647 2219 1706; x_wconf 89' lang='lat' dir='ltr'><strong>per-</strong></span> 
     </span>
     <span class='ocr_line' id='line_1_18' title="bbox 266 1710 2223 1786; baseline 0.003 -14"><span class='ocrx_word' id='word_1_136' title='bbox 266 1713 570 1786; x_wconf 68' lang='lat' dir='ltr'><strong>vicerunt,</strong></span> <span class='ocrx_word' id='word_1_137' title='bbox 608 1719 677 1772; x_wconf 91' lang='lat' dir='ltr'><strong>ut</strong></span> <span class='ocrx_word' id='word_1_138' title='bbox 705 1712 998 1772; x_wconf 88' lang='lat' dir='ltr'><strong>consules</strong></span> <span class='ocrx_word' id='word_1_139' title='bbox 1026 1710 1089 1771; x_wconf 91' lang='lat' dir='ltr'><strong>in</strong></span> <span class='ocrx_word' id='word_1_140' title='bbox 1120 1719 1371 1772; x_wconf 86' lang='lat' dir='ltr'><strong>senatus</strong></span> <span class='ocrx_word' id='word_1_141' title='bbox 1400 1712 1757 1775; x_wconf 87' lang='lat' dir='ltr'><strong>auctoritate</strong></span> <span class='ocrx_word' id='word_1_142' title='bbox 1785 1715 1919 1775; x_wconf 79' lang='lat' dir='ltr'><strong>fore</strong></span> <span class='ocrx_word' id='word_1_143' title='bbox 1947 1715 2223 1777; x_wconf 78' lang='lat' dir='ltr'><strong>dicerent</strong></span> 
     </span>
     <span class='ocr_line' id='line_1_19' title="bbox 257 1795 2223 1873; baseline 0.001 -15"><span class='ocrx_word' id='word_1_144' title='bbox 257 1815 348 1870; x_wconf 89' lang='lat' dir='ltr'><strong>se,</strong></span> <span class='ocrx_word' id='word_1_145' title='bbox 377 1797 429 1858; x_wconf 91' lang='lat' dir='ltr'><strong>si</strong></span> <span class='ocrx_word' id='word_1_146' title='bbox 453 1795 616 1856; x_wconf 88' lang='lat' dir='ltr'><strong>idem</strong></span> <span class='ocrx_word' id='word_1_147' title='bbox 637 1795 861 1857; x_wconf 84' lang='lat' dir='ltr'><strong>tribuni</strong></span> <span class='ocrx_word' id='word_1_148' title='bbox 883 1795 1082 1870; x_wconf 85' lang='lat' dir='ltr'><strong>plebis</strong></span> <span class='ocrx_word' id='word_1_149' title='bbox 1107 1797 1395 1856; x_wconf 72' lang='lat' dir='ltr'><strong>lacerent.</strong></span> <span class='ocrx_word' id='word_1_150' title='bbox 1434 1795 1917 1872; x_wconf 87' lang='lat' dir='ltr'><strong>permittentibus</strong></span> <span class='ocrx_word' id='word_1_151' title='bbox 1941 1799 2223 1873; x_wconf 89' lang='lat' dir='ltr'><strong>utrisque</strong></span> 
     </span>
     <span class='ocr_line' id='line_1_20' title="bbox 261 1879 2221 1955; baseline 0 -13"><span class='ocrx_word' id='word_1_152' title='bbox 261 1881 514 1942; x_wconf 86' lang='lat' dir='ltr'><strong>liberam</strong></span> <span class='ocrx_word' id='word_1_153' title='bbox 529 1879 1039 1941; x_wconf 79' lang='lat' dir='ltr'><strong>consultationem</strong></span> <span class='ocrx_word' id='word_1_154' title='bbox 1061 1888 1269 1955; x_wconf 83' lang='lat' dir='ltr'><strong>patres</strong></span> <span class='ocrx_word' id='word_1_155' title='bbox 1293 1881 1651 1942; x_wconf 88' lang='lat' dir='ltr'><strong>consulibus</strong></span> <span class='ocrx_word' id='word_1_156' title='bbox 1675 1881 1975 1942; x_wconf 90' lang='lat' dir='ltr'><strong>ambobus</strong></span> <span class='ocrx_word' id='word_1_157' title='bbox 1988 1881 2221 1942; x_wconf 86' lang='lat' dir='ltr'><strong>Italiam</strong></span> 
     </span>
     <span class='ocr_line' id='line_1_21' title="bbox 259 1963 2227 2043; baseline 0.002 -19"><span class='ocrx_word' id='word_1_158' title='bbox 259 1964 646 2041; x_wconf 87' lang='lat' dir='ltr'><strong>provinciam</strong></span> <span class='ocrx_word' id='word_1_159' title='bbox 687 1964 1120 2038; x_wconf 86' lang='lat' dir='ltr'><strong>decreverunt,</strong></span> <span class='ocrx_word' id='word_1_160' title='bbox 1161 1965 1226 2025; x_wconf 89' lang='lat' dir='ltr'><strong>T.</strong></span> <span class='ocrx_word' id='word_1_161' title='bbox 1257 1963 1535 2037; x_wconf 83' lang='lat' dir='ltr'><strong>Quinctio</strong></span> <span class='ocrx_word' id='word_1_162' title='bbox 1579 1973 1985 2041; x_wconf 82' lang='lat' dir='ltr'><strong>prorogarunt</strong></span> <span class='ocrx_word' id='word_1_163' title='bbox 2026 1965 2227 2043; x_wconf 44' lang='lat' dir='ltr'><strong>impe*</strong></span> 
     </span>
     <span class='ocr_line' id='line_1_22' title="bbox 257 2050 2218 2123; baseline 0 -14"><span class='ocrx_word' id='word_1_164' title='bbox 257 2050 437 2123; x_wconf 89' lang='lat' dir='ltr'><strong>rium,</strong></span> <span class='ocrx_word' id='word_1_165' title='bbox 467 2051 668 2111; x_wconf 90' lang='lat' dir='ltr'><strong>donec</strong></span> <span class='ocrx_word' id='word_1_166' title='bbox 698 2064 1032 2109; x_wconf 86' lang='lat' dir='ltr'><strong>successor</strong></span> <span class='ocrx_word' id='word_1_167' title='bbox 1060 2065 1138 2109; x_wconf 90' lang='lat' dir='ltr'><strong>ex</strong></span> <span class='ocrx_word' id='word_1_168' title='bbox 1161 2057 1414 2110; x_wconf 90' lang='lat' dir='ltr'><strong>senatus</strong></span> <span class='ocrx_word' id='word_1_169' title='bbox 1440 2051 1721 2111; x_wconf 88' lang='lat' dir='ltr'><strong>consulto</strong></span> <span class='ocrx_word' id='word_1_170' title='bbox 1745 2050 2039 2112; x_wconf 88' lang='lat' dir='ltr'><strong>venisset.</strong></span> <span class='ocrx_word' id='word_1_171' title='bbox 2072 2066 2218 2111; x_wconf 90' lang='lat' dir='ltr'><strong>con·</strong></span> 
     </span>
     <span class='ocr_line' id='line_1_23' title="bbox 261 2132 2223 2207; baseline -0.001 -13"><span class='ocrx_word' id='word_1_172' title='bbox 261 2134 503 2195; x_wconf 87' lang='lat' dir='ltr'><strong>sulibus</strong></span> <span class='ocrx_word' id='word_1_173' title='bbox 545 2133 726 2195; x_wconf 81' lang='lat' dir='ltr'><strong>binae</strong></span> <span class='ocrx_word' id='word_1_174' title='bbox 755 2132 1032 2207; x_wconf 86' lang='lat' dir='ltr'><strong>legiones</strong></span> <span class='ocrx_word' id='word_1_175' title='bbox 1063 2133 1378 2205; x_wconf 86' lang='lat' dir='ltr'><strong>decretae,</strong></span> <span class='ocrx_word' id='word_1_176' title='bbox 1423 2142 1485 2193; x_wconf 91' lang='lat' dir='ltr'><strong>et</strong></span> <span class='ocrx_word' id='word_1_177' title='bbox 1511 2140 1580 2193; x_wconf 92' lang='lat' dir='ltr'><strong>ut</strong></span> <span class='ocrx_word' id='word_1_178' title='bbox 1605 2133 1831 2193; x_wconf 87' lang='lat' dir='ltr'><strong>bellum</strong></span> <span class='ocrx_word' id='word_1_179' title='bbox 1861 2150 2000 2195; x_wconf 90' lang='lat' dir='ltr'><strong>cum</strong></span> <span class='ocrx_word' id='word_1_180' title='bbox 2030 2132 2223 2193; x_wconf 88' lang='lat' dir='ltr'><strong>Gallis</strong></span> 
     </span>
     <span class='ocr_line' id='line_1_24' title="bbox 261 2216 2221 2293; baseline -0.002 -16"><span class='ocrx_word' id='word_1_181' title='bbox 261 2216 620 2293; x_wconf 80' lang='lat' dir='ltr'><strong>cisalpinis,</strong></span> <span class='ocrx_word' id='word_1_182' title='bbox 666 2216 772 2293; x_wconf 91' lang='lat' dir='ltr'><strong>qui</strong></span> <span class='ocrx_word' id='word_1_183' title='bbox 812 2216 1188 2277; x_wconf 81' lang='lat' dir='ltr'><strong>defecissent</strong></span> <span class='ocrx_word' id='word_1_184' title='bbox 1224 2233 1262 2275; x_wconf 90' lang='lat' dir='ltr'><strong>a</strong></span> <span class='ocrx_word' id='word_1_185' title='bbox 1303 2218 1536 2291; x_wconf 90' lang='lat' dir='ltr'><strong>populo</strong></span> <span class='ocrx_word' id='word_1_186' title='bbox 1562 2217 1872 2286; x_wconf 79' lang='lat' dir='ltr'><strong>Romane,</strong></span> <span class='ocrx_word' id='word_1_187' title='bbox 1916 2226 2221 2291; x_wconf 86' lang='lat' dir='ltr'><strong>gererent.</strong></span> 
     </span>
     <span class='ocr_line' id='line_1_25' title="bbox 261 2298 2221 2375; baseline -0.002 -13"><span class='ocrx_word' id='word_1_188' title='bbox 261 2300 541 2375; x_wconf 78' lang='lat' dir='ltr'><strong>Quinctio</strong></span> <span class='ocrx_word' id='word_1_189' title='bbox 567 2300 627 2361; x_wconf 89' lang='lat' dir='ltr'><strong>in</strong></span> <span class='ocrx_word' id='word_1_190' title='bbox 641 2299 1068 2361; x_wconf 85' lang='lat' dir='ltr'><strong>Macedoniam</strong></span> <span class='ocrx_word' id='word_1_191' title='bbox 1087 2300 1583 2375; x_wconf 86' lang='lat' dir='ltr'><strong>supplementum</strong></span> <span class='ocrx_word' id='word_1_192' title='bbox 1606 2298 1938 2371; x_wconf 88' lang='lat' dir='ltr'><strong>decretum,</strong></span> <span class='ocrx_word' id='word_1_193' title='bbox 1968 2314 2084 2359; x_wconf 82' lang='lat' dir='ltr'><strong>sex</strong></span> <span class='ocrx_word' id='word_1_194' title='bbox 2110 2298 2221 2358; x_wconf 89' lang='lat' dir='ltr'><strong>mi-</strong></span> 
     </span>
     <span class='ocr_line' id='line_1_26' title="bbox 261 2380 2221 2461; baseline -0.002 -17"><span class='ocrx_word' id='word_1_195' title='bbox 261 2385 344 2445; x_wconf 87' lang='lat' dir='ltr'><strong>lia</strong></span> <span class='ocrx_word' id='word_1_196' title='bbox 369 2385 658 2461; x_wconf 89' lang='lat' dir='ltr'><strong>peditum,</strong></span> <span class='ocrx_word' id='word_1_197' title='bbox 679 2386 932 2446; x_wconf 81' lang='lat' dir='ltr'><strong>trecenti</strong></span> <span class='ocrx_word' id='word_1_198' title='bbox 947 2382 1206 2459; x_wconf 81' lang='lat' dir='ltr'><strong>equites,</strong></span> <span class='ocrx_word' id='word_1_199' title='bbox 1235 2382 1545 2443; x_wconf 89' lang='lat' dir='ltr'><strong>sociorum</strong></span> <span class='ocrx_word' id='word_1_200' title='bbox 1567 2381 1874 2443; x_wconf 89' lang='lat' dir='ltr'><strong>navalium</strong></span> <span class='ocrx_word' id='word_1_201' title='bbox 1895 2380 2061 2443; x_wconf 89' lang='lat' dir='ltr'><strong>milia</strong></span> <span class='ocrx_word' id='word_1_202' title='bbox 2084 2381 2221 2441; x_wconf 83' lang='lat' dir='ltr'><strong>tria.</strong></span> 
     </span>
     <span class='ocr_line' id='line_1_27' title="bbox 259 2464 2220 2545; baseline -0.002 -15"><span class='ocrx_word' id='word_1_203' title='bbox 259 2485 562 2545; x_wconf 86' lang='lat' dir='ltr'><strong>praeesse</strong></span> <span class='ocrx_word' id='word_1_204' title='bbox 599 2468 762 2530; x_wconf 89' lang='lat' dir='ltr'><strong>idem</strong></span> <span class='ocrx_word' id='word_1_205' title='bbox 805 2468 909 2543; x_wconf 90' lang='lat' dir='ltr'><strong>qui</strong></span> <span class='ocrx_word' id='word_1_206' title='bbox 949 2474 1231 2543; x_wconf 81' lang='lat' dir='ltr'><strong>praeerat</strong></span> <span class='ocrx_word' id='word_1_207' title='bbox 1271 2466 1458 2527; x_wconf 86' lang='lat' dir='ltr'><strong>classi</strong></span> <span class='ocrx_word' id='word_1_208' title='bbox 1495 2467 1561 2526; x_wconf 93' lang='lat' dir='ltr'><strong>L.</strong></span> <span class='ocrx_word' id='word_1_209' title='bbox 1594 2464 1911 2541; x_wconf 82' lang='lat' dir='ltr'><strong>Quinctius</strong></span> <span class='ocrx_word' id='word_1_210' title='bbox 1938 2464 2220 2527; x_wconf 86' lang='lat' dir='ltr'><strong>Flamini-</strong></span> 
     </span>
     <span class='ocr_line' id='line_1_28' title="bbox 259 2548 2219 2628; baseline -0.002 -15"><span class='ocrx_word' id='word_1_211' title='bbox 259 2570 382 2614; x_wconf 86' lang='lat' dir='ltr'><strong>nus</strong></span> <span class='ocrx_word' id='word_1_212' title='bbox 410 2552 640 2615; x_wconf 89' lang='lat' dir='ltr'><strong>iussus.</strong></span> <span class='ocrx_word' id='word_1_213' title='bbox 713 2551 1102 2628; x_wconf 89' lang='lat' dir='ltr'><strong>praetoribus</strong></span> <span class='ocrx_word' id='word_1_214' title='bbox 1141 2555 1200 2609; x_wconf 89' lang='lat' dir='ltr'><strong>in</strong></span> <span class='ocrx_word' id='word_1_215' title='bbox 1240 2550 1575 2625; x_wconf 88' lang='lat' dir='ltr'><strong>Hispanias</strong></span> <span class='ocrx_word' id='word_1_216' title='bbox 1604 2557 1827 2611; x_wconf 91' lang='lat' dir='ltr'><strong>octona</strong></span> <span class='ocrx_word' id='word_1_217' title='bbox 1853 2550 2020 2612; x_wconf 86' lang='lat' dir='ltr'><strong>milia</strong></span> <span class='ocrx_word' id='word_1_218' title='bbox 2046 2548 2219 2627; x_wconf 90' lang='lat' dir='ltr'><strong>pedi-</strong></span> 
     </span>
     <span class='ocr_line' id='line_1_29' title="bbox 257 2634 2273 2710; baseline -0.003 -10"><span class='ocrx_word' id='word_1_219' title='bbox 257 2646 389 2700; x_wconf 89' lang='lat' dir='ltr'><strong>tum</strong></span> <span class='ocrx_word' id='word_1_220' title='bbox 419 2636 653 2699; x_wconf 90' lang='lat' dir='ltr'><strong>socium</strong></span> <span class='ocrx_word' id='word_1_221' title='bbox 679 2653 753 2697; x_wconf 93' lang='lat' dir='ltr'><strong>ac</strong></span> <span class='ocrx_word' id='word_1_222' title='bbox 775 2634 1039 2697; x_wconf 87' lang='lat' dir='ltr'><strong>nominis</strong></span> <span class='ocrx_word' id='word_1_223' title='bbox 1053 2634 1250 2695; x_wconf 86' lang='lat' dir='ltr'><strong>Latini</strong></span> <span class='ocrx_word' id='word_1_224' title='bbox 1281 2635 1419 2695; x_wconf 81' lang='lat' dir='ltr'><strong>data</strong></span> <span class='ocrx_word' id='word_1_225' title='bbox 1444 2643 1505 2696; x_wconf 89' lang='lat' dir='ltr'><strong>ct</strong></span> <span class='ocrx_word' id='word_1_226' title='bbox 1528 2634 1929 2710; x_wconf 85' lang='lat' dir='ltr'><strong>quadringeni</strong></span> <span class='ocrx_word' id='word_1_227' title='bbox 1960 2634 2219 2710; x_wconf 89' lang='lat' dir='ltr'><strong>equites,</strong></span> <span class='ocrx_word' id='word_1_228' title='bbox 2268 2670 2273 2675; x_wconf 92' lang='lat'><em>-</em></span> 
     </span>
     <span class='ocr_line' id='line_1_30' title="bbox 257 2717 2227 2793; baseline -0.003 -10"><span class='ocrx_word' id='word_1_229' title='bbox 257 2730 327 2783; x_wconf 91' lang='lat' dir='ltr'><strong>ut</strong></span> <span class='ocrx_word' id='word_1_230' title='bbox 357 2720 724 2783; x_wconf 81' lang='lat' dir='ltr'><strong>dimitterent</strong></span> <span class='ocrx_word' id='word_1_231' title='bbox 751 2729 1020 2781; x_wconf 87' lang='lat' dir='ltr'><strong>veterem</strong></span> <span class='ocrx_word' id='word_1_232' title='bbox 1047 2735 1129 2780; x_wconf 84' lang='lat' dir='ltr'><strong>ex</strong></span> <span class='ocrx_word' id='word_1_233' title='bbox 1153 2717 1469 2793; x_wconf 86' lang='lat' dir='ltr'><strong>Hispaniis</strong></span> <span class='ocrx_word' id='word_1_234' title='bbox 1497 2718 1777 2790; x_wconf 82' lang='lat' dir='ltr'><strong>militem3</strong></span> <span class='ocrx_word' id='word_1_235' title='bbox 1810 2727 1871 2779; x_wconf 89' lang='lat' dir='ltr'><strong>et</strong></span> <span class='ocrx_word' id='word_1_236' title='bbox 1897 2717 2227 2781; x_wconf 86' lang='lat' dir='ltr'><strong>terminare</strong></span> 
     </span>
     <span class='ocr_line' id='line_1_31' title="bbox 260 2802 2221 2882; baseline -0.002 -17"><span class='ocrx_word' id='word_1_237' title='bbox 260 2803 420 2866; x_wconf 90' lang='lat' dir='ltr'><strong>iussi</strong></span> <span class='ocrx_word' id='word_1_238' title='bbox 450 2822 574 2882; x_wconf 91' lang='lat' dir='ltr'><strong>qua</strong></span> <span class='ocrx_word' id='word_1_239' title='bbox 601 2803 852 2867; x_wconf 87' lang='lat' dir='ltr'><strong>ulterior</strong></span> <span class='ocrx_word' id='word_1_240' title='bbox 882 2803 1203 2865; x_wconf 85' lang='lat' dir='ltr'><strong>citeriorve</strong></span> <span class='ocrx_word' id='word_1_241' title='bbox 1235 2802 1553 2879; x_wconf 88' lang='lat' dir='ltr'><strong>provincia</strong></span> <span class='ocrx_word' id='word_1_242' title='bbox 1590 2810 1959 2865; x_wconf 89' lang='lat' dir='ltr'><strong>servaretur.</strong></span> <span class='ocrx_word' id='word_1_243' title='bbox 2016 2802 2221 2862; x_wconf 87' lang='lat' dir='ltr'><strong>Mace-</strong></span> 
     </span>
     <span class='ocr_line' id='line_1_32' title="bbox 263 2885 2225 2964; baseline -0.003 -15"><span class='ocrx_word' id='word_1_244' title='bbox 263 2887 490 2950; x_wconf 86' lang='lat' dir='ltr'><strong>doniae</strong></span> <span class='ocrx_word' id='word_1_245' title='bbox 531 2890 768 2964; x_wconf 87' lang='lat' dir='ltr'><strong>legatos</strong></span> <span class='ocrx_word' id='word_1_246' title='bbox 808 2889 870 2947; x_wconf 88' lang='lat' dir='ltr'><strong>P.</strong></span> <span class='ocrx_word' id='word_1_247' title='bbox 905 2886 1244 2963; x_wconf 85' lang='lat' dir='ltr'><strong>Sulpicium</strong></span> <span class='ocrx_word' id='word_1_248' title='bbox 1285 2893 1347 2947; x_wconf 90' lang='lat' dir='ltr'><strong>et</strong></span> <span class='ocrx_word' id='word_1_249' title='bbox 1371 2886 1436 2947; x_wconf 89' lang='lat' dir='ltr'><strong>P.</strong></span> <span class='ocrx_word' id='word_1_250' title='bbox 1464 2885 1743 2961; x_wconf 89' lang='lat' dir='ltr'><strong>Villium,</strong></span> <span class='ocrx_word' id='word_1_251' title='bbox 1796 2886 1901 2962; x_wconf 90' lang='lat' dir='ltr'><strong>qui</strong></span> <span class='ocrx_word' id='word_1_252' title='bbox 1931 2888 2225 2949; x_wconf 86' lang='lat' dir='ltr'><strong>consules</strong></span> 
     </span>
     <span class='ocr_line' id='line_1_33' title="bbox 263 2970 1583 3048; baseline -0.003 -17"><span class='ocrx_word' id='word_1_253' title='bbox 263 2971 327 3032; x_wconf 92' lang='lat' dir='ltr'><strong>in</strong></span> <span class='ocrx_word' id='word_1_254' title='bbox 358 2988 432 3033; x_wconf 85' lang='lat' dir='ltr'><strong>ea</strong></span> <span class='ocrx_word' id='word_1_255' title='bbox 460 2971 780 3048; x_wconf 87' lang='lat' dir='ltr'><strong>provincia</strong></span> <span class='ocrx_word' id='word_1_256' title='bbox 809 2974 1064 3045; x_wconf 73' lang='lat' dir='ltr'><strong>fuerant,</strong></span> <span class='ocrx_word' id='word_1_257' title='bbox 1095 2970 1469 3033; x_wconf 90' lang='lat' dir='ltr'><strong>adiecerunt.</strong></span> <span class='ocrx_word' id='word_1_258' title='bbox 1580 2977 1583 2979; x_wconf 74' lang='grc'>’</span> 
     </span>
    </p>

    <p class='ocr_par' dir='ltr' id='par_1_3' title="bbox 224 3049 2400 3549">
     <span class='ocr_line' id='line_1_34' title="bbox 424 3049 2400 3131; baseline -0.005 -14"><span class='ocrx_word' id='word_1_259' title='bbox 424 3056 634 3117; x_wconf 85' lang='grc' dir='ltr'><strong>ΧΧΙΧ.</strong></span> <span class='ocrx_word' id='word_1_260' title='bbox 677 3055 1039 3131; x_wconf 86' lang='lat' dir='ltr'><strong>Priusquam</strong></span> <span class='ocrx_word' id='word_1_261' title='bbox 1069 3056 1361 3116; x_wconf 90' lang='lat' dir='ltr'><strong>consules</strong></span> <span class='ocrx_word' id='word_1_262' title='bbox 1390 3061 1839 3128; x_wconf 79' lang='lat' dir='ltr'><strong>praetoresque</strong></span> <span class='ocrx_word' id='word_1_263' title='bbox 1883 3051 1943 3111; x_wconf 91' lang='lat' dir='ltr'><strong>in</strong></span> <span class='ocrx_word' id='word_1_264' title='bbox 1973 3049 2400 3125; x_wconf 44' lang='lat' dir='ltr'><strong>provin-«220»</strong></span> 
     </span>
     <span class='ocr_line' id='line_1_35' title="bbox 265 3132 2224 3215; baseline -0.004 -14"><span class='ocrx_word' id='word_1_265' title='bbox 265 3138 396 3202; x_wconf 89' lang='lat' dir='ltr'><strong>cias</strong></span> <span class='ocrx_word' id='word_1_266' title='bbox 438 3139 1008 3215; x_wconf 85' lang='lat' dir='ltr'><strong>proficiscerentur,</strong></span> <span class='ocrx_word' id='word_1_267' title='bbox 1065 3139 1348 3213; x_wconf 87' lang='lat' dir='ltr'><strong>prodigia</strong></span> <span class='ocrx_word' id='word_1_268' title='bbox 1388 3134 1705 3213; x_wconf 85' lang='lat' dir='ltr'><strong>procurari</strong></span> <span class='ocrx_word' id='word_1_269' title='bbox 1745 3132 2004 3211; x_wconf 89' lang='lat' dir='ltr'><strong>placuit,</strong></span> <span class='ocrx_word' id='word_1_270' title='bbox 2054 3134 2224 3207; x_wconf 85' lang='lat' dir='ltr'><strong>quod</strong></span> 
     </span>
     <span class='ocr_line' id='line_1_36' title="bbox 263 3215 2227 3297; baseline -0.003 -14"><span class='ocrx_word' id='word_1_271' title='bbox 263 3222 453 3284; x_wconf 84' lang='lat' dir='ltr'><strong>aedes</strong></span> <span class='ocrx_word' id='word_1_272' title='bbox 473 3263 478 3267; x_wconf 90' lang='lat'><em>-</em></span> <span class='ocrx_word' id='word_1_273' title='bbox 499 3222 766 3285; x_wconf 89' lang='lat' dir='ltr'><strong>Vulcani</strong></span> <span class='ocrx_word' id='word_1_274' title='bbox 809 3220 1248 3297; x_wconf 89' lang='lat' dir='ltr'><strong>Summanique</strong></span> <span class='ocrx_word' id='word_1_275' title='bbox 1286 3222 1549 3295; x_wconf 85' lang='lat' dir='ltr'><strong>Romae,</strong></span> <span class='ocrx_word' id='word_1_276' title='bbox 1606 3226 1666 3279; x_wconf 90' lang='lat' dir='ltr'><strong>et</strong></span> <span class='ocrx_word' id='word_1_277' title='bbox 1716 3218 1887 3293; x_wconf 89' lang='lat' dir='ltr'><strong>quod</strong></span> <span class='ocrx_word' id='word_1_278' title='bbox 1931 3215 2227 3291; x_wconf 76' lang='lat' dir='ltr'><strong>Fregenis</strong></span> 
     </span>
     <span class='ocr_line' id='line_1_37' title="bbox 260 3300 2231 3383; baseline -0.004 -17"><span class='ocrx_word' id='word_1_279' title='bbox 260 3322 472 3375; x_wconf 88' lang='lat' dir='ltr'><strong>murus</strong></span> <span class='ocrx_word' id='word_1_280' title='bbox 517 3315 580 3369; x_wconf 86' lang='lat' dir='ltr'><strong>et</strong></span> <span class='ocrx_word' id='word_1_281' title='bbox 620 3315 802 3383; x_wconf 88' lang='lat' dir='ltr'><strong>porta</strong></span> <span class='ocrx_word' id='word_1_282' title='bbox 839 3308 918 3367; x_wconf 90' lang='lat' dir='ltr'><strong>de</strong></span> <span class='ocrx_word' id='word_1_283' title='bbox 949 3306 1120 3367; x_wconf 90' lang='lat' dir='ltr'><strong>caelo</strong></span> <span class='ocrx_word' id='word_1_284' title='bbox 1149 3312 1314 3366; x_wconf 89' lang='lat' dir='ltr'><strong>tacta</strong></span> <span class='ocrx_word' id='word_1_285' title='bbox 1352 3312 1557 3374; x_wconf 89' lang='lat' dir='ltr'><strong>erant;</strong></span> <span class='ocrx_word' id='word_1_286' title='bbox 1600 3309 1662 3362; x_wconf 91' lang='lat' dir='ltr'><strong>et</strong></span> <span class='ocrx_word' id='word_1_287' title='bbox 1697 3300 2231 3362; x_wconf 63' lang='lat' dir='ltr'><strong>Frusinone&#39;inter</strong></span> 
     </span>
     <span class='ocr_line' id='line_1_38' title="bbox 224 3384 2223 3469; baseline -0.004 -19"><span class='ocrx_word' id='word_1_288' title='bbox 224 3462 228 3469; x_wconf 92' lang='lat'>.</span> <span class='ocrx_word' id='word_1_289' title='bbox 261 3398 506 3452; x_wconf 86' lang='lat' dir='ltr'><strong>noctem</strong></span> <span class='ocrx_word' id='word_1_290' title='bbox 545 3392 654 3452; x_wconf 88' lang='lat' dir='ltr'><strong>lux</strong></span> <span class='ocrx_word' id='word_1_291' title='bbox 693 3398 856 3461; x_wconf 85' lang='lat' dir='ltr'><strong>orta;</strong></span> <span class='ocrx_word' id='word_1_292' title='bbox 904 3398 965 3451; x_wconf 88' lang='lat' dir='ltr'><strong>et</strong></span> <span class='ocrx_word' id='word_1_293' title='bbox 1005 3390 1277 3451; x_wconf 86' lang='lat' dir='ltr'><strong>Aesulae</strong></span> <span class='ocrx_word' id='word_1_294' title='bbox 1303 3402 1499 3463; x_wconf 87' lang='lat' dir='ltr'><strong>agnus</strong></span> <span class='ocrx_word' id='word_1_295' title='bbox 1528 3385 1746 3461; x_wconf 84' lang='lat' dir='ltr'><strong>biceps</strong></span> <span class='ocrx_word' id='word_1_296' title='bbox 1776 3401 1916 3445; x_wconf 91' lang='lat' dir='ltr'><strong>cum</strong></span> <span class='ocrx_word' id='word_1_297' title='bbox 1948 3384 2223 3459; x_wconf 87' lang='lat' dir='ltr'><strong>quinque</strong></span> 
     </span>
     <span class='ocr_line' id='line_1_39' title="bbox 263 3467 2227 3549; baseline -0.005 -15"><span class='ocrx_word' id='word_1_298' title='bbox 263 3476 526 3549; x_wconf 79' lang='lat' dir='ltr'><strong>pedibus</strong></span> <span class='ocrx_word' id='word_1_299' title='bbox 582 3483 790 3544; x_wconf 79' lang='lat' dir='ltr'><strong>natus3</strong></span> <span class='ocrx_word' id='word_1_300' title='bbox 856 3482 916 3534; x_wconf 87' lang='lat' dir='ltr'><strong>et</strong></span> <span class='ocrx_word' id='word_1_301' title='bbox 965 3470 1223 3534; x_wconf 83' lang='lat' dir='ltr'><strong>Formiis</strong></span> <span class='ocrx_word' id='word_1_302' title='bbox 1265 3472 1391 3532; x_wconf 88' lang='lat' dir='ltr'><strong>duo</strong></span> <span class='ocrx_word' id='word_1_303' title='bbox 1447 3470 1575 3546; x_wconf 88' lang='lat' dir='ltr'><strong>lupi</strong></span> <span class='ocrx_word' id='word_1_304' title='bbox 1624 3468 1918 3545; x_wconf 88' lang='lat' dir='ltr'><strong>oppidum</strong></span> <span class='ocrx_word' id='word_1_305' title='bbox 1958 3467 2227 3543; x_wconf 77' lang='lat' dir='ltr'><strong>ingressi</strong></span> 
     </span>
    </p>
   </div>
  </div>
 </body>
</html>
