2548 3950
393 140 542 257 ‘210
659 193 888 253 LIBER
914 191 1156 251 XXXV.
1203 189 1370 254 CAP.
1398 196 1489 250 38.
1510 196 1598 251 39.
1621 197 1709 250 40.
1738 195 1812 261 [a.
1836 194 1906 247 U.
1931 211 1981 245 c.
2004 194 2131 260 560]

419 356 486 408 ut
517 346 621 423 qui
650 360 828 420 spem
857 357 1098 404 omnem
1125 342 1188 401 in
1217 357 1293 401 eo
1322 349 1391 401 ut
1427 339 1765 415 improviso
1810 342 2233 415 opprimerent
2266 341 2365 402 ha·

419 432 724 499 buisscnt‚
757 427 838 487 ad
859 427 1084 487 iustum
1102 425 1329 485 bellum
1352 424 2000 499 oppugnationemque
2024 424 2198 485 urbis
2228 427 2365 485 mari
2458 460 2460 471 ·

417 530 490 574 ac
537 521 700 573 terra
748 510 1014 571 munitae
1061 508 1538 584 haudquaquam
1589 523 1777 583 pares
1828 508 2079 568 domum
2118 509 2363 569 rediere.

417 596 820 672 Euthymidas
875 602 1204 670 postquam
1261 599 1468 651 castra
1512 590 1901 666 popularium
1950 592 2032 651 ad
2076 590 2365 666 Salganea

317 711 324 717 ·
417 696 562 741 esse
593 680 1028 755 profectosque
1047 677 1310 736 Aetolos
1340 674 1599 746 audivit,
1631 682 1693 734 et
1720 676 1856 750 ipse
1884 691 1922 734 a
1941 674 2171 735 Thebis
2190 676 2363 735 Athe·

422 781 538 826 nas
566 764 776 831 rediit3
815 769 878 822 et
901 760 1260 821 Herodorus
1284 774 1423 819 cum
1449 774 1559 834 per
1578 759 1815 833 aliquot
1834 758 1969 818 dies
1999 761 2271 820 intentus
2296 758 2363 818 ab

417 848 702 909 Atalante
727 846 972 920 signum
1003 844 1379 920 nequiquam
1420 849 1877 917 exspectasset,
1919 843 2119 903 missa
2158 858 2359 920 specu·
2461 866 2462 869 ¹

422 930 638 992 latoria
663 945 821 989 nave
834 975 851 1003 ,
891 934 960 989 ut
988 928 1137 1004 quid
1163 942 1373 987 morae
1416 932 1585 986 esset
1621 928 1834 1001 sciret,
1875 934 2213 1002 postquam
2252 942 2364 986 rem

421 1016 715 1112 omissam
757 1013 833 1073 ab
871 1013 1064 1073 sociis
1103 1012 1287 1083 vidit,
1333 1009 1694 1086 Thronium,
1746 1009 1911 1070 unde
1951 1019 2238 1085 venerat,
2283 1026 2363 1069 re-

421 1106 847 1239 pemXXXIX.
918 1177 1231 1252 Quinctius
1276 1194 1526 1252 quoque
1565 1177 1663 1237 his
1704 1177 1927 1237 auditis
1970 1178 2048 1238 ab
2092 1178 2365 1238 Corintho

421 1261 675 1324 veniens
704 1261 996 1334 navibus,
1029 1261 1091 1320 in
1121 1260 1427 1321 Chalcidis
1456 1261 1687 1337 Euripo
1714 1260 1973 1322 Eumeni
1998 1262 2134 1336 regi
2164 1278 2362 1322 occur-

417 1348 514 1409 rit.
578 1346 808 1423 placuit
847 1346 1213 1421 quingentos
1262 1344 1481 1405 milites
1533 1345 1829 1421 praesidii·
1874 1361 2068 1405 causa
2116 1343 2364 1419 relinqui
2462 1348 2464 1379 ³

421 1432 706 1493 Chalcide
736 1430 811 1491 ab
838 1429 1110 1490 Eumene
1137 1444 1315 1503 rege,
1357 1428 1561 1505 ipsum
1586 1429 1862 1491 Athenas
1890 1430 2000 1488 ire.
2041 1427 2355 1502 Quinctius

424 1532 549 1592 quo
578 1516 896 1590 profectus
935 1521 1096 1587 erat,
1134 1512 1579 1575 Demetriadem
1622 1513 1959 1583 contendit,
2003 1520 2177 1574 ratus
2208 1513 2363 1573 Chal·

421 1599 621 1659 cidem
647 1598 960 1658 liberatam
989 1596 1278 1658 momenti
1306 1596 1539 1672 aliquid
1566 1598 1733 1672 apud
1752 1596 2076 1671 Magnetas
2098 1597 2182 1656 ad
2202 1612 2361 1671 repe-

419 1682 665 1742 tendam
703 1682 1058 1741 societatem
1099 1682 1439 1742 Romanam
1490 1681 1800 1742 facturam.
1866 1687 1930 1740 et
1978 1690 2045 1741 ut
2086 1679 2364 1756 praesidii

423 1766 655 1839 aliquid
693 1770 864 1823 esset
910 1780 1063 1823 suae
1112 1766 1303 1839 partis
1354 1763 1731 1837 hominibuS‚
1782 1764 2063 1825 Eunomo
2113 1760 2361 1840 praeton

419 1848 853 1910 Thessalorum
882 1848 1160 1923 scripsit,
1205 1854 1270 1907 ut
1296 1856 1559 1909 armaret
1596 1850 1999 1922 iuventutem,
2041 1856 2104 1909 et
2130 1847 2361 1907 Villium

421 1934 501 1994 ad
539 1932 983 1995 Demetriadem
1027 1930 1343 2009 praemisit
1380 1933 1461 1994 ad
1502 1932 1888 2009 temptandos
1930 1932 2206 2006 animos,
2252 1947 2359 1992 non

421 2019 624 2091 aliter,
665 2016 786 2078 nisi
815 2031 960 2094 pars
990 2018 1198 2093 aliqua
1236 2017 1555 2078 inclinaret
1592 2018 1673 2077 ad
1703 2024 2054 2093 respectum
2083 2017 2361 2094 pristinae

421 2100 752 2176 societatiS‚
775 2118 904 2161 rem
925 2102 1358 2176 adgressurus.
1422 2102 1642 2162 Villius
1668 2101 2091 2176 quinqueremi
2120 2116 2275 2161 nave
2292 2099 2359 2158 ad

422 2187 647 2248 ostium
675 2193 891 2261 portus
914 2192 1011 2246 est
1030 2186 1329 2247 invectus.
1369 2201 1445 2246 eo
1469 2184 1785 2247 multitudo
1806 2184 2159 2261 Magnetum
2180 2183 2357 2246 omnis

422 2287 560 2332 cum
589 2285 662 2331 se
692 2269 1042 2344 effudisset,
1074 2267 1380 2346 quaesivit
1405 2270 1657 2342 Villius,
1697 2275 1897 2332 utrum
1926 2270 2009 2331 ad
2034 2270 2267 2332 amicos
2292 2281 2357 2325 an
2467 2283 2468 2306 1

422 2355 502 2414 ad
531 2355 727 2415 hostis
770 2370 913 2414 sese
951 2355 1202 2415 venisse
1243 2355 1506 2414 mallent.
1562 2353 1882 2429 respondit
1906 2352 2355 2429 Magnetarches

416 2438 806 2516 Eurylochus
829 2439 910 2497 ad
934 2439 1166 2499 amicos
1189 2437 1440 2498 venisse
1464 2453 1634 2498 eumz
1679 2439 1795 2499 sed
1822 2438 2157 2498 abstineret
2177 2443 2353 2513 portu,

421 2529 486 2581 et
525 2523 752 2583 sineret
778 2521 1095 2595 Magnetas
1137 2522 1198 2580 in
1243 2521 1579 2582 concordia
1616 2529 1680 2582 et
1716 2522 1995 2582 libertate
2036 2537 2209 2594 esse,
2256 2532 2354 2578 nec

421 2619 534 2677 per
564 2605 853 2678 colloquii
883 2605 1156 2680 speciem
1182 2603 1625 2667 multitudinem
1647 2605 2018 2666 sollicitaret.
2066 2602 2351 2666 altercatio

421 2686 565 2745 inde
595 2703 716 2746 non
744 2703 948 2747 sermo
979 2689 1118 2760 ruit,
1149 2704 1290 2749 cum
1312 2690 1627 2752 Romanus
1650 2697 1716 2750 ut
1736 2689 2007 2764 ingratos
2032 2689 2355 2764 increparet

417 2767 736 2843 Magnetas
786 2770 1280 2847 imminentisque
1332 2773 1713 2849 praediceret
1759 2773 1968 2834 clades
1986 2820 2001 2847 ,
2054 2770 2351 2834 multitudo

419 2851 806 2928 obstreperet
831 2869 994 2915 nunc
1023 2861 1301 2917 senatum
1326 2873 1488 2918 nunc
1512 2856 1851 2931 Quinctium
1872 2857 2245 2918 accusando.
2284 2853 2352 2912 ita

417 2936 585 2997 irrito
614 2935 857 3012 incepto
888 2937 1107 2999 Villius
1135 2939 1218 3000 ad
1246 2939 1587 3014 Quinctium
1632 2956 1776 3002 sese
1808 2941 2060 3017 recepit.
2106 2947 2167 3002 at
2193 2937 2347 3013 Quin·

420 3020 575 3082 etius
619 3020 827 3082 nuntio
869 3022 949 3082 ad
989 3030 1333 3098 praetorem
1373 3025 1565 3085 misso
1582 3069 1597 3098 ,
1649 3033 1718 3086 ut
1754 3026 2081 3086 reduceret
2126 3025 2349 3084 domum

421 3106 635 3181 copias
653 3151 669 3179 ,
700 3107 838 3182 ipse
865 3107 1126 3168 navibus
1158 3107 1509 3169 Corinthum
1539 3108 1735 3169 rediit.

583 3189 706 3250 XL.
749 3191 1077 3252 Abstulere
1116 3207 1213 3251 me
1253 3193 1424 3254 velut
1462 3192 1541 3252 de
1580 3192 1783 3268 spatio
1812 3191 2104 3252 Graeciae
2131 3206 2232 3250 res
2258 3189 2347 3248 im·

418 3272 643 3332 mixtae
679 3274 1002 3348 RomaniS,
1050 3292 1174 3336 non
1228 3275 1373 3350 quia
1419 3276 1592 3350 ipsas
1633 3291 1863 3351 operae
1904 3274 2163 3351 pretium
2205 3277 2349 3334 esset

417 3352 833 3429 perscribere,
864 3357 978 3416 sed
1006 3358 1152 3431 quia
1179 3373 1407 3419 causae
1436 3374 1575 3419 cum
1600 3358 1904 3420 Antiocho
1941 3359 2185 3420 fuerunt
2206 3351 2346 3418 belli-

415 3433 778 3493 consulibus
819 3435 1154 3512 designatis
1182 3472 1266 3482 ——
1295 3442 1438 3501 inde
1478 3457 1745 3518 namque
1784 3442 2165 3504 deverteram
2188 3473 2267 3486 -
2290 3435 2347 3497 L.
