2548 3950
309 224 438 286 220
521 222 754 283 LIBER
781 222 1021 283 XXXV.
1067 222 1232 284 CAP.
1255 232 1344 283 51.
1372 230 1445 295 [a.
1471 228 1535 281 U.
1564 246 1613 281 c.
1636 230 1757 285 560.
1782 244 1831 281 a.
1848 228 1911 280 C.
1942 226 2063 293 192]

308 381 697 450 vagarentur,
719 388 944 449 magna
964 388 1111 448 pars
1140 388 1250 447 per
1270 388 1457 448 agros
1479 373 1771 447 lignatum
1793 371 2278 449 pabulatumque

311 459 554 534 dilapsa
581 470 781 528 esset,
825 462 1082 532 repente
1109 456 1439 533 Menippus
1484 457 1724 532 palatos
1754 456 1987 531 passim
2014 455 2272 530 adgres-

311 558 421 603 sus
461 557 573 603 eos
619 540 868 613 cecidit,
909 541 989 600 ad
1035 540 1474 615 quinquaginta
1512 540 1692 600 vivos
1738 539 1915 614 cepit.
1973 536 2273 615 perpauci

310 625 682 701 effugerunt,
714 625 776 684 in
801 623 1026 699 quibus
1048 622 1346 701 Micythio
1369 638 1563 698 parva
1591 624 1871 684 oneraria
1899 638 2057 683 nave
2085 638 2272 683 exce-

309 717 471 785 ptus.
523 724 600 769 ea
636 724 740 768 res
784 706 1060 780 Quinctio
1093 706 1513 782 Romanisque
1553 707 1712 766 sicut
1747 706 1977 767 iactura
2015 705 2275 767 militum

309 794 600 865 molesta,
644 792 729 852 ita
756 791 836 852 ad
862 790 960 850 ius
991 790 1293 851 inferendi
1320 789 1625 851 Antiocho
1656 790 1797 850 belli
1825 789 2131 851 adiecisse
2159 790 2271 850 ali-

311 883 602 951 quantum
630 874 968 934 videbatur.
1023 873 1365 935 Antiochus
1394 875 1639 935 admoto
1670 872 1750 933 ad
1776 873 2061 934 Aulidem
2091 889 2269 933 exer-

309 960 461 1031 citu,
491 974 628 1019 cum
655 973 872 1019 rursus
904 964 1180 1019 oratores
1213 956 1428 1032 partim
1472 972 1551 1017 ex
1593 957 1722 1018 suis
1762 958 1977 1032 partim
2004 957 2269 1018 Aetolos

310 1042 656 1102 Chalcidem
689 1041 986 1114 misisset,
1015 1040 1120 1115 qui
1148 1041 1367 1100 eadem
1395 1042 1497 1100 illa
1522 1056 1681 1115 quae
1704 1056 1903 1116 nuper
1925 1055 2063 1101 cum
2084 1041 2269 1101 minis

307 1126 694 1200 gravioribus
724 1131 1005 1199 agerent,
1036 1125 1414 1199 nequiquam
1437 1131 1650 1185 contra
1668 1123 2046 1204 Micythione
2066 1132 2128 1185 et
2144 1124 2268 1185 Xe-

309 1208 550 1269 noclide
582 1208 970 1268 tendentibus
1002 1206 1180 1267 facile
1207 1208 1427 1279 tenuit,
1468 1215 1536 1268 ut
1563 1214 1777 1284 portae
1806 1208 1923 1269 sibi
1954 1208 2267 1283 aperiren-

309 1306 422 1353 tur.
470 1292 575 1368 qui
603 1292 918 1352 Romanae
949 1289 1140 1366 partis
1171 1297 1373 1364 erant,
1418 1290 1533 1352 sub
1564 1292 1891 1353 adventum
1915 1292 2082 1367 regis
2110 1292 2267 1353 urbo

308 1383 727 1437 excesserunt.
803 1374 1194 1436 Achaeorum
1243 1380 1306 1434 et
1347 1374 1637 1435 Eumenis
1688 1375 1907 1437 milites
1960 1374 2267 1453 Salganea

307 1460 622 1532 tenebant,
673 1465 734 1520 et
769 1460 828 1518 in
866 1456 1096 1534 Euripo
1150 1459 1468 1520 castellum
1508 1460 1764 1520 Romani
1812 1459 2031 1521 milites
2082 1459 2264 1535 pauci

309 1543 627 1605 custodiae
655 1558 846 1603 causa
871 1542 990 1602 loci
1021 1542 1527 1603 communiebant.
1586 1542 1891 1617 Salganea
1914 1543 2263 1619 Menippus,

306 1642 418 1686 rex
446 1628 582 1701 ipse
612 1628 926 1687 castellum
953 1625 1164 1700 Euripi
1194 1640 1558 1701 oppugnare
1589 1633 1688 1687 est
1712 1626 1984 1687 adortus.
2022 1628 2263 1704 priores

309 1709 538 1771 Achaei
581 1717 644 1770 et
679 1710 970 1769 Eumenis
1010 1709 1230 1769 milites
1271 1710 1466 1785 pacti,
1516 1718 1586 1770 ut
1625 1710 1758 1771 sine
1799 1710 2015 1771 fraude
2054 1712 2267 1771 liceret

306 1793 506 1866 abire,
558 1792 866 1867 praesidio
909 1801 1343 1854 excesserunt=
1388 1794 1761 1868 pertinacius
1788 1794 2046 1856 Romani
2087 1794 2265 1854 Euri-

306 1893 454 1952 pum
482 1877 825 1961 tuebantur.
868 1875 933 1935 hi
962 1891 1214 1951 quoque
1239 1884 1439 1938 tamen
1456 1923 1473 1951 ,
1504 1893 1645 1939 cum
1671 1884 1833 1939 terra
1852 1879 2129 1955 marique
2152 1878 2263 1940 ob·

307 1960 652 2022 siderentur
679 1968 740 2022 et
765 1961 884 2022 iam
914 1958 1226 2021 machinas
1257 1968 1679 2039 tormentaque
1703 1963 2071 2038 comportari
2093 1962 2265 2023 vidc-

305 2053 474 2119 rent,
523 2058 647 2107 non
695 2047 889 2107 tulere
941 2043 1346 2106 obsidionem.
1414 2062 1551 2107 cum
1592 2046 1659 2106 id
1699 2047 1867 2122 quod
1911 2053 2094 2123 caput
2134 2051 2267 2108 erat

304 2128 594 2190 Euboeae
622 2137 854 2191 teneret
878 2145 1022 2204 rex,
1067 2143 1146 2188 ne
1187 2137 1429 2190 ceterae
1459 2130 1706 2205 quidem
1733 2132 1866 2191 eius
1895 2131 2135 2192 insulae
2159 2145 2269 2190 ur-

305 2213 418 2272 bes
445 2211 771 2288 imperium
797 2215 1174 2283 abnuerunt;
1214 2229 1564 2288 magnoque
1596 2214 1900 2290 principio
1930 2214 2048 2275 sibi
2077 2229 2263 2280 orsus

304 2295 528 2358 bellum
576 2297 928 2372 videbatur,
981 2298 1152 2372 quod
1202 2304 1371 2357 tanta
1410 2298 1611 2358 insula
1649 2305 1709 2359 et
1748 2305 1838 2359 tot
1876 2304 2267 2374 opportunae

305 2379 492 2440 urbes
519 2381 582 2440 in
610 2397 786 2442 suam
815 2379 1118 2442 dicionem
1144 2380 1481 2442 venissent.

944 2711 1233 2806 ΤΙΤΙ
1310 2711 1596 2804 mvl

851 2859 959 2920 ΑΒ
1017 2859 1248 2922 URBE
1309 2858 1714 2924 CONDITA

1013 2976 1236 3040 LIBER
1280 2975 1542 3037 xxxvl.

339 3207 631 3260 ΕΡΠῸΜΕ.
706 3209 790 3259 Μ’.
828 3211 1022 3262 Acilius
1059 3211 1264 3266 Glabrio
1298 3217 1470 3268 consul
1505 3215 1811 3266 Antiochum
1846 3218 1985 3284 apud
2016 3217 2265 3270 Thermo-

403 3276 576 3343 pylas,
612 3277 846 3344 Philippo
883 3296 1004 3346 rege
1038 3281 1343 3349 adiuvante,
1380 3288 1566 3335 victum
1600 3283 1809 3336 Graecia
1846 3287 2063 3353 expulit,
2099 3287 2261 3338 idem-

399 3361 498 3409 que
533 3346 743 3396 Aetolos
777 3349 996 3414 subegit.
1053 3350 1109 3399 P.
1151 3349 1411 3403 Cornelius
1444 3351 1615 3418 Scipio
1648 3351 1833 3404 Nasica
1868 3354 2043 3405 consul
2077 3356 2257 3406 aedem

400 3415 574 3470 matris
623 3415 802 3474 deum,
857 3431 1008 3478 quam
1061 3419 1173 3484 ipse
1215 3421 1267 3474 in
1313 3422 1561 3472 Palatium
1613 3421 1851 3473 intulerat
1902 3425 1985 3472 vir
2034 3437 2260 3489 optatum

397 3496 428 3530 a
477 3491 653 3531 senatu
708 3483 988 3546 iudicatus,
1045 3486 1331 3549 dedicavit3
1386 3491 1621 3554 idemque
1670 3491 1825 3542 Boios
1874 3489 2043 3543 Gallos
2094 3494 2261 3542 victos
