2548 3950
558 233 785 294 LIBER
810 232 1079 294 XXXIV.
1127 233 1294 292 cAP.
1318 240 1405 296 57.
1429 241 1517 294 58.
1562 233 1635 308 [a.
1660 237 1724 289 c.
1749 233 1871 309 193]
2070 230 2190 296 171

230 383 629 462 Hegesianax
671 383 979 460 principes
1019 384 1227 458 regiae
1254 384 1576 459 legationis
1607 391 1795 444 erant.
1853 400 1934 444 ex
1962 385 2038 446 iis
2065 384 2192 444 Me-

231 472 466 545 nippus
510 468 793 543 ignorare
836 483 907 528 se
948 466 1133 542 dixit,
1178 468 1468 542 quidnam
1509 468 1786 544 perplexi
1826 483 1941 529 sua
1965 470 2192 544 legatio

230 554 518 626 haberet,
567 567 703 612 cum
744 550 1099 627 simpliciter
1127 552 1208 611 ad
1236 553 1556 612 amicitiam
1585 553 1914 628 petendam
1939 553 2194 628 iungen-

232 638 507 710 damque
534 636 889 697 societatem
920 636 1250 696 venissent.
1295 651 1438 696 esse
1461 644 1661 697 autem
1682 636 1797 697 tria
1816 651 2044 711 genera
2066 638 2194 698 foe·

156 726 161 727 ’
232 722 485 793 derum,
530 719 751 795 quibus
796 720 951 780 inter
992 735 1064 780 se
1109 721 1568 794 paciscerentur
1595 720 1889 782 amicitias
1920 721 2193 780 civitates

228 818 574 880 regesque:
616 819 834 878 unum,
878 819 1017 864 cum
1058 803 1219 862 bello
1264 803 1442 863 victis
1473 805 1820 866 dicerentur
1846 806 2046 880 leges:
2090 803 2195 865 ubi

230 889 399 948 enim
430 887 631 948 omnia
660 887 717 947 ei
748 889 852 963 qui
881 887 1065 946 armis
1098 888 1239 962 plus
1274 895 1492 962 posset
1519 888 1724 949 dedita
1751 896 1990 962 essent,
2037 903 2196 963 quae

232 972 420 1032 exiis
460 971 690 1032 habere
717 972 945 1044 victoS,
994 970 1217 1047 quibus
1248 972 1485 1031 multari
1515 987 1625 1032 eos
1655 972 1826 1045 velit,
1870 973 2068 1046 ipsius
2098 973 2196 1032 ius

230 1063 424 1130 atque
464 1055 775 1116 arbitrium
818 1070 995 1126 esse;
1048 1056 1334 1128 alterum,
1386 1071 1524 1114 cum
1562 1070 1745 1129 pares
1787 1055 1948 1116 bello
1995 1071 2195 1130 aequo

232 1140 492 1202 foedere
538 1140 603 1198 in
644 1155 861 1215 pacem
901 1147 1086 1216 atque
1125 1139 1450 1200 amicitiam
1487 1139 1794 1200 venirent=
1850 1144 1995 1200 tunc
2035 1139 2198 1200 enim

230 1223 431 1298 repeti
470 1224 774 1298 reddique
802 1239 915 1299 per
945 1223 1413 1285 conventionem
1441 1238 1576 1296 reS,
1619 1223 1760 1284 etsi
1791 1239 2046 1298 quarum
2073 1231 2196 1284 tur-

230 1308 381 1368 bata
407 1307 568 1368 bello
610 1307 936 1383 possessio
968 1308 1073 1382 sit,
1118 1306 1225 1366 eas
1256 1314 1360 1367 aut
1389 1322 1468 1365 ex
1495 1307 1758 1368 formula
1784 1306 1934 1366 iuris
1965 1307 2198 1382 antiqui

228 1399 341 1452 aut
370 1406 449 1450 ex
489 1392 681 1468 partis
710 1393 1032 1468 utriusque
1067 1391 1392 1454 commodo
1425 1390 1743 1464 componi3
1787 1391 2028 1449 tertium
2057 1405 2200 1449 esse

230 1491 454 1550 geum,
486 1491 625 1536 curn
652 1476 755 1552 qui
783 1491 1113 1550 numquam
1140 1473 1356 1536 hostes
1380 1473 1618 1546 fuerint,
1649 1473 1729 1533 ad
1751 1471 2074 1533 amicitiam
2095 1489 2198 1532 so-

233 1559 376 1618 ciali
406 1559 658 1620 foedere
689 1559 846 1620 inter
866 1575 935 1619 se
958 1559 1327 1634 iungendam
1350 1563 1586 1618 coeant.
1631 1572 1743 1617 eos
1767 1571 1972 1631 neque
1995 1557 2201 1618 dicere

232 1657 443 1718 neque
482 1642 763 1718 accipere
804 1646 1003 1718 leges=
1057 1641 1123 1702 id
1158 1642 1326 1701 enim
1361 1640 1610 1700 victoris
1653 1649 1713 1700 et
1739 1639 1880 1700 victi
1906 1655 2066 1701 esse.
2121 1655 2200 1700 ex

232 1743 315 1787 eo
357 1741 583 1801 genere
625 1743 763 1787 cum
789 1726 1130 1788 Antiochus
1171 1732 1368 1798 esset,
1413 1725 1617 1784 mirari
1646 1739 1716 1784 se
1747 1725 1916 1798 quod
1942 1723 2199 1786 Romani

233 1826 504 1886 aequum
532 1817 825 1870 censeant
851 1812 1021 1885 leges
1052 1811 1108 1878 ei
1138 1809 1362 1882 dicere,
1401 1825 1554 1884 quas
1577 1809 1767 1868 Asiae
1789 1807 2028 1867 urbium
2054 1807 2197 1866 libe-

232 1910 341 1954 ras
373 1901 433 1952 et
472 1893 785 1965 immuniS,
832 1904 986 1965 quas
1030 1893 1463 1964 stipendiarias
1495 1905 1640 1949 esse
1667 1889 1886 1958 velint3
1925 1907 2081 1965 quas
2111 1891 2185 1948 in-

230 1987 400 2039 trare
430 1975 738 2051 praesidia
758 1975 929 2049 regia
949 1990 1282 2049 regemque
1305 1978 1528 2033 vetent.
1576 1989 1714 2034 cum
1735 1971 1884 2035 Phili
1889 1991 2016 2051 ppo
2040 1974 2202 2035 enim

230 2062 422 2123 hoste
454 2074 699 2138 pacem,
742 2074 867 2119 non
905 2074 1042 2118 cum
1070 2057 1377 2118 Antiocho
1410 2057 1606 2118 amico
1637 2059 1946 2119 societatis
1978 2059 2200 2119 foedus

234 2146 324 2205 ita
353 2143 751 2204 sanciendum
794 2158 954 2202 esse.
1020 2141 1229 2201 LVIII.
1289 2141 1368 2199 ad
1411 2156 1483 2200 ea
1515 2140 1831 2214 Quinctius
1867 2143 2202 2217 „quoniam

234 2228 422 2289 vobis
466 2226 747 2289 distincte
793 2240 977 2301 agere
1004 2225 1151 2285 libet
1178 2232 1239 2284 et
1266 2238 1496 2299 genera
1522 2223 1966 2297 iungendarum
1997 2224 2201 2283 amici-

238 2314 459 2374 tiarum
487 2326 875 2384 enumerare,
907 2324 1024 2384 ego
1057 2323 1308 2383 quoque
1337 2307 1493 2367 duas
1529 2306 1926 2367 condiciones
1957 2323 2203 2382 ponam,

236 2404 416 2457 extra
458 2411 613 2470 quas
654 2396 882 2456 nullam
923 2407 1067 2453 esse
1105 2391 1235 2467 regi
1273 2390 1560 2451 nuntietis
1601 2390 1896 2450 amicitiae
1926 2407 2063 2451 cum
2091 2407 2203 2466 po-

240 2480 392 2555 pulo
412 2478 689 2539 Romano
712 2479 1074 2553 iungendae‚
1098 2491 1302 2549 unam,
1335 2476 1387 2535 si
1411 2490 1528 2535 nos
1551 2474 1699 2535 nihil
1722 2475 1893 2549 quod
1916 2475 1996 2535 ad
2015 2474 2203 2535 urbes

240 2564 432 2625 Asiae
474 2564 683 2624 attinet
725 2578 941 2622 curare
980 2561 1155 2634 velit,
1197 2567 1265 2620 ut
1296 2566 1355 2619 et
1383 2560 1520 2634 ipse
1550 2560 1715 2620 omni
1739 2559 1990 2635 Europa
2017 2558 2204 2619 absti-

239 2654 418 2717 neat;
461 2650 741 2721 alteram,
774 2648 828 2707 si
858 2660 929 2707 se
958 2646 1061 2705 ille
1090 2644 1280 2705 Asiae
1309 2641 1536 2704 finibus
1564 2659 1689 2704 non
1720 2644 2028 2705 contineat
2055 2650 2116 2704 et
2141 2643 2204 2702 in

238 2727 550 2807 Europam
580 2732 1001 2801 transcendat,
1042 2734 1109 2789 ut
1136 2735 1197 2791 et
1221 2729 1516 2789 Romanis
1546 2728 1642 2788 ius
1671 2728 1755 2788 sit
1781 2728 1969 2788 Asiae
1998 2728 2204 2788 civita-

179 2822 187 2827 ’
240 2816 393 2876 tium
420 2816 716 2876 amicitias
740 2821 801 2874 et
822 2814 995 2887 tueri,
1031 2828 1185 2890 quas
1206 2812 1488 2887 habeant,
1520 2818 1580 2873 et
1599 2828 1796 2873 novas
1821 2812 2206 2888 complecti.“

241 2899 555 2961 enimvero
597 2900 662 2959 id
691 2899 901 2959 auditu
942 2898 1123 2959 etiam
1153 2898 1361 2959 dicere
1387 2897 1704 2972 indignum
1733 2912 1880 2957 esse
1905 2896 2202 2971 Hegesia-

240 2999 399 3056 naX,
444 2984 739 3043 Thraciae
778 2989 841 3043 et
880 2982 1249 3044 Chersonesi
1287 2980 1543 3043 urbibus
1584 2981 1780 3041 arceri
1813 2980 2201 3050 Antiochum,

244 3082 408 3143 quae
437 3066 735 3129 Seleucus
777 3082 1050 3143 proavus
1100 3066 1233 3125 eius
1261 3064 1634 3143 Lysimacho
1676 3078 1824 3137 rege
1850 3062 2010 3121 bello
2043 3062 2202 3121 victo

240 3158 305 3211 et
331 3152 393 3211 in
422 3152 556 3230 acie
587 3167 771 3211 caeso
802 3166 916 3227 per
944 3165 1246 3211 summum
1277 3149 1468 3209 decus
1499 3154 1676 3222 parta
1701 3144 2041 3219 reliquerit,
2072 3145 2206 3219 pari

240 3248 383 3297 cum
410 3235 595 3295 laude
623 3236 838 3295 eadem
866 3234 943 3294 ab
965 3232 1302 3293 Thracibus
1333 3244 1634 3306 possessa
1655 3227 1874 3304 partim
1897 3229 2080 3287 armis
2111 3242 2205 3286 re-

241 3320 479 3395 ceperit
504 3318 873 3392 Antiochus,
917 3318 1139 3392 partim
1180 3316 1454 3388 deserta,
1505 3313 1664 3373 sicut
1701 3312 1900 3387 ipsam
1926 3311 2204 3389 Lysima÷

240 3402 443 3463 chiam
458 3449 473 3477 ‚
525 3409 587 3464 et
632 3402 936 3464 revocatis
989 3398 1322 3460 cultoribus
1373 3396 1880 3472 frequentaverit,
1937 3402 1998 3455 et
2047 3408 2207 3470 quae

240 3493 436 3548 strata
474 3486 666 3547 ruinis
709 3492 893 3562 atque
933 3483 1233 3545 incendiis
1277 3489 1476 3559 erant,
1520 3480 1864 3556 ingentibus
1907 3478 2206 3555 impensis
