2548 3950
353 232 479 297 346
604 232 834 291 LIBER
862 230 1183 291 xxxvru.
1230 210 1395 289 cAP.
1425 237 1627 293 3o.31.
1672 224 2061 305 [amasos]

356 400 637 463 quoque,
681 398 1051 459 quamquam
1090 382 1490 457 Aegiensium
1532 382 1774 443 favebat
1814 398 2069 458 causae,
2116 387 2318 461 Argos

354 469 551 536 venit3
591 465 695 527 ubi
739 482 874 526 cum
916 464 1280 539 disceptatio
1322 464 1541 525 fuisset
1568 472 1628 525 et
1653 481 1784 525 rem
1809 464 2165 528 inclinatam
2193 485 2319 529 cer·

355 556 557 625 neret,
596 548 841 625 incepto
886 548 1133 609 destitit.
1175 548 1645 607 Lacedaemonii
1685 548 1912 609 deinde
1945 566 2086 611 eum
2116 550 2180 610 in
2209 568 2319 613 sua

358 632 688 696 certamina
734 639 1101 693 averterunt.
1165 629 1491 692 sollicitam
1539 646 1676 690 eam
1727 632 2029 693 civitatem
2070 637 2318 695 exsules

356 718 617 779 maxime
656 716 993 787 habebant,
1040 730 1304 790 quorum
1344 730 1566 791 magna
1604 730 1752 789 pars
1781 716 1842 775 in
1869 716 2184 777 maritimis
2211 718 2319 779 La-

360 801 613 863 conicae
656 815 804 861 orae
844 798 1114 859 castellis
1141 797 1424 874 vicisque
1455 798 1559 873 qui
1587 811 1804 860 omnes
1833 800 2102 876 adempti
2133 810 2317 874 erant,

358 884 728 946 habitabant.
774 882 836 943 id
866 897 1050 958 aegre
1077 881 1379 957 patientes
1409 880 1900 956 Lacedaemonii,
1928 889 1995 943 ut
2020 884 2229 960 aliqua
2257 886 2320 945 li-

356 970 569 1036 borum
601 968 682 1027 ad
708 982 876 1027 mare
904 966 1197 1026 haberent
1218 966 1462 1040 aditum,
1493 963 1819 1040 siquando
1845 965 2102 1027 Romam
2123 968 2322 1028 aliove

360 1069 485 1129 quo
528 1051 829 1111 mitterent
862 1051 1119 1125 legatos,
1163 1049 1343 1110 simul
1385 1056 1452 1110 ut
1489 1048 1828 1125 emporium
1869 1057 1930 1110 et
1966 1058 2322 1125 receptacu-

359 1138 485 1197 lum
513 1134 853 1210 peregrinis
884 1133 1187 1193 mercibus
1220 1134 1300 1193 ad
1328 1133 1719 1195 necessarios
1746 1148 1901 1193 usus
1931 1141 2117 1207 esset,
2147 1142 2323 1194 nocte

358 1219 559 1282 adorti
600 1218 803 1277 vicum
842 1214 1205 1277 maritimum
1246 1215 1494 1277 nomine
1520 1216 1649 1277 Lan
1689 1214 2029 1292 improviso
2061 1232 2324 1293 occupa·

360 1308 595 1363 verunt.
639 1300 841 1361 vicani
872 1299 1100 1375 quique
1127 1300 1210 1360 ibi
1238 1300 1488 1361 exsules
1516 1300 1872 1361 habitabant
1899 1299 2098 1375 primo
2129 1300 2322 1377 inopi-

360 1392 502 1447 nata
522 1400 591 1445 re
619 1383 805 1445 territi
836 1390 997 1459 sunt,
1040 1383 1262 1445 deinde
1293 1382 1408 1451 sub
1435 1384 1636 1445 lucem
1666 1383 2017 1459 congregati
2046 1385 2168 1445 levi
2200 1401 2320 1445 cer·

360 1470 583 1530 tamine
610 1469 978 1543 expulerunt
1003 1467 1547 1528 Lacedaemonios.
1607 1475 1801 1530 terror
1843 1474 2042 1528 tamen
2085 1481 2326 1529 omnem

362 1551 720 1613 maritimam
750 1567 918 1613 oram
950 1552 1255 1627 pervasit;
1304 1552 1667 1626 legatosque
1709 1550 2112 1612 communiter
2141 1559 2202 1612 et
2231 1568 2327 1612 ca-

362 1638 538 1697 stella
560 1633 765 1696 omnia
790 1634 1032 1710 vicique
1061 1642 1123 1696 et
1149 1637 1418 1707 exsuleS,
1450 1634 1671 1711 quibus
1700 1634 1783 1694 ibi
1810 1634 2118 1696 domicilia
2139 1642 2328 1707 erant,

364 1720 443 1779 ad
471 1719 759 1780 Achaeos
800 1719 1113 1779 miserunt.
1176 1718 1367 1778 XXXI
1374 1763 1386 1775 .
1428 1717 1862 1793 Philopoemen
1892 1724 2170 1794 praetor,
2213 1719 2329 1779 iam

365 1802 509 1863 inde
538 1800 615 1862 ab
645 1799 813 1863 init-io
844 1804 1125 1861 exsulum
1147 1816 1374 1862 causae
1395 1807 1456 1861 et
1481 1801 1736 1875 amicuS,
1764 1807 1827 1863 et
1849 1807 2063 1864 auctor
2084 1817 2332 1879 semper

362 1885 631 1971 ‚Achaeis
653 1883 965 1946 minuendi
988 1900 1144 1960 opes
1166 1882 1666 1945 etauctoritatem
1684 1884 2331 1958 Lacedaemoniorum,

368 1967 691 2032 concilium
740 1969 1131 2044 querentibus
1171 1966 1369 2043 dedit,
1420 1968 1855 2046 decretumque
1900 1969 2208 2032 referente
2258 1986 2331 2030 eo

367 2056 591 2114 factum
623 2059 736 2127 est,
768 2069 907 2114 cum
935 2054 996 2113 in
1026 2053 1211 2114 fidem
1237 2053 1623 2114 Achaeorum
1653 2054 2023 2128 tutelamque
2051 2054 2117 2113 Τ.
2149 2051 2334 2127 Quin·

367 2137 525 2198 etius
568 2144 629 2198 et
655 2135 916 2198 Romani
940 2137 1283 2198 Laconicae
1312 2150 1458 2196 orae
1486 2139 1737 2198 castella
1758 2143 1820 2198 et
1842 2136 2018 2198 vicos
2046 2137 2334 2198 tradidis⁴

368 2229 523 2295 sent,
565 2228 626 2281 et
656 2236 795 2281 cum
822 2219 1128 2281 abstinere
1153 2219 1230 2281 iis
1259 2235 1339 2280 ex
1370 2220 1621 2282 foedere
1646 2219 2117 2283 Lacedaemonii
2148 2222 2336 2282 debe-

364 2312 519 2379 rent,
543 2304 665 2367 Las
696 2305 869 2365 vicus
902 2310 1295 2380 oppugnatus
1324 2309 1494 2364 esset
1521 2304 1875 2379 caedesque
1900 2304 1983 2365 ibi
2014 2306 2193 2377 facta,
2232 2304 2337 2380 qui

368 2389 503 2450 eius
562 2388 651 2448 rei
706 2395 991 2450 auctores
1050 2388 1412 2461 adfinesque
1467 2395 1706 2461 essent,
1776 2387 1895 2447 nisi
1967 2388 2339 2448 dederentur

366 2470 666 2546 Achaeis,
720 2469 1011 2533 violatum
1060 2470 1256 2532 videri
1301 2471 1541 2531 foedus.
1605 2471 1686 2531 ad
1733 2471 2172 2546 exposcendos
2223 2486 2337 2532 eos

370 2555 553 2630 legati
591 2557 897 2630 extemplo
937 2553 1464 2615 Lacedaemonem
1501 2553 1676 2615 missi
1705 2560 1866 2615 sunt.
1920 2553 1983 2614 id
2012 2553 2340 2630 imperium

367 2638 527 2699 adeo
556 2639 890 2712 superbum
920 2645 980 2700 et
1008 2637 1324 2714 indignum
1353 2637 1856 2698 Lacedaemoniis
1881 2635 2086 2699 visum
2115 2644 2234 2710 est,
2277 2645 2343 2698 ut

369 2721 425 2781 si
466 2719 718 2795 antiqua
756 2720 1015 2782 civitatis
1057 2724 1300 2783 fortuna
1341 2725 1539 2794 esset,
1591 2720 1758 2781 haud
1799 2717 1983 2781 dubie
2024 2737 2194 2782 arma
2231 2737 2340 2782 ex·

368 2804 597 2880 templo
644 2805 882 2878 capturi
921 2804 1157 2866 suerint.
1223 2805 1486 2864 maxime
1530 2812 1729 2866 autem
1771 2804 2184 2866 consternavit
2228 2819 2342 2865 eos

366 2892 588 2960 metuS,
618 2885 673 2947 si
703 2889 893 2946 semel
923 2887 1133 2962 primis
1161 2887 1435 2962 imperiis
1459 2887 1806 2949 obediendo
1829 2888 2037 2964 iugum
2060 2889 2342 2963 accepis-

370 2978 527 3045 sent,
558 2986 638 3030 ne
658 2969 723 3030 id
748 2971 916 3046 quod
936 2971 1056 3031 iam
1079 2971 1184 3030 diu
1205 2970 1521 3033 moliretur
1539 2971 1992 3047 Philopoemen,
2017 2971 2345 3032 exsulibus

366 3053 893 3115 Lacedaemonem
925 3054 1207 3116 traderet.
1253 3054 1526 3117 furentes
1554 3055 1734 3130 igitur
1762 3055 1853 3115 ira
1881 3054 2126 3130 triginta
2146 3053 2346 3116 homi·

367 3137 553 3198 nibus
597 3153 675 3197 ex
726 3139 1021 3212 factione,
1072 3154 1209 3200 cum
1249 3155 1373 3214 qua
1413 3137 1810 3200 consiliorum
1837 3138 2044 3214 aliqua
2072 3138 2350 3199 societas

369 3219 832 3297 Philopoemeni
856 3230 1043 3298 atque
1065 3223 1386 3285 exsulibus
1409 3229 1556 3294 erat,
1579 3221 1912 3284 interfectis
1936 3223 2353 3283 decreverunt

367 3304 834 3366 renuntiandam
873 3305 1229 3366 societatem
1277 3305 1578 3380 AchaeiS‚
1622 3307 1984 3382 legatosque
2032 3307 2350 3381 extemplo

372 3388 827 3463 Cephalleniam
874 3389 1233 3462 mittendos,
1289 3389 1392 3464 qui
1443 3389 1681 3450 consuli
1723 3389 1805 3448 M.
1843 3387 2059 3450 Fulvio
2111 3386 2352 3465 quique

371 3467 664 3531 Romanis
702 3472 1227 3534 Lacedaemonem
1270 3473 1596 3547 dederent,
1649 3478 2016 3547 orarentque
2058 3487 2234 3545 eum,
2285 3477 2354 3532 ut
