2548 3950
521 271 753 331 LIBER
779 271 1046 333 xxxrv.
1093 272 1259 334 cAP.
1290 281 1377 338 46.
1399 283 1485 368 4⁷·
1536 277 1604 354 [a.
1632 283 1695 335 c.
1730 282 1854 349 194]
2038 276 2159 340 163

185 439 302 502 per
346 438 460 484 eos
505 421 638 482 dies
686 423 926 497 collega
963 422 1098 482 eius
1139 422 1220 481 M.
1263 422 1519 484 Porcius
1558 425 1702 486 Cato
1747 441 1825 486 ex
1855 425 2162 501 Hispania

181 505 601 582 triumphavit.
668 505 800 566 tulit
839 505 900 564 in
943 520 1020 566 eo
1070 506 1378 582 triumpho
1424 509 1657 582 argenti
1697 509 1903 570 insecti
1945 509 2158 585 viginti

184 590 464 669 quinque
520 589 687 650 milia
733 590 962 664 pondo,
1019 589 1206 665 bigati
1259 597 1501 652 centum
1548 592 1759 666 viginti
1809 595 1927 653 tria
1974 593 2157 669 milia,

183 674 484 736 Oscensis
525 672 858 756 quingenta
902 673 1335 749 quadraginta,
1378 676 1509 735 auri
1549 677 1758 751 pondo
1800 677 1963 736 mille
2008 695 2161 752 qua-

185 760 528 834 dringenta.
572 756 862 818 militibus
892 772 971 816 ex
1000 759 1234 832 praeda
1256 758 1463 819 divisit
1489 759 1549 819 in
1573 761 1851 835 singulos
1878 761 2157 822 ducenos

184 849 607 919 septuagenos
636 841 818 914 aeriS,
846 841 1072 917 triplex
1102 841 1312 916 equiti.

355 926 442 987 Ti.
485 924 889 1000 Sempronius
941 925 1159 987 consul
1209 925 1269 984 in
1312 927 1691 1001 provinciam
1741 929 2055 1002 profectus
2096 928 2158 987 in

179 1011 476 1072 Boiorum
514 1009 770 1084 primum
816 1025 1030 1084 agrum
1070 1009 1349 1084 legiones
1380 1010 1588 1070 duxit.
1626 1009 1880 1070 Boiorix
1907 1016 2033 1070 tum
2063 1027 2157 1070 re·

181 1092 368 1170 gulus
397 1108 612 1154 eorum
641 1108 782 1153 cum
812 1093 1056 1153 duobus
1084 1092 1372 1154 fratribus
1401 1101 1529 1155 tota
1550 1101 1732 1169 gente
1755 1095 2057 1156 concitata
2078 1094 2157 1154 ad

179 1176 607 1238 rebellandum
637 1183 841 1236 castra
858 1177 1014 1238 locis
1039 1177 1267 1251 apertis
1292 1177 1518 1253 posuit,
1546 1184 1615 1238 ut
1636 1185 1965 1254 appareret
1986 1177 2158 1238 dimi-

185 1267 472 1334 caturoS,
517 1259 572 1320 si
601 1259 798 1321 hostis
831 1260 971 1321 finis
1002 1260 1309 1321 intrasset.
1369 1263 1586 1322 consul
1617 1263 1723 1322 ubi
1756 1268 2021 1337 quantae
2054 1277 2157 1322 co·

182 1345 348 1422 piae,
381 1351 610 1420 quanta
637 1343 866 1405 fiducia
895 1351 1066 1405 esset
1091 1342 1284 1416 hosti,
1316 1345 1527 1419 sensit,
1558 1344 1835 1406 nuntium
1862 1346 1945 1404 ad
1976 1345 2158 1404 colle-

181 1445 328 1504 gam
355 1428 562 1502 mittit,
594 1433 676 1503 ut,
707 1427 762 1488 si
787 1427 1100 1488 videretur
1127 1428 1202 1501 ei,
1234 1435 1566 1489 maturaret
1589 1428 1832 1487 venire=
1876 1441 1947 1486 se
1975 1427 2158 1500 tergi-

183 1511 496 1573 versando
529 1511 952 1584 inadventum
981 1511 1114 1572 eius
1143 1527 1273 1570 rem
1306 1517 1758 1581 extracturum„
1786 1526 1946 1585 quae
1970 1524 2163 1570 causa

185 1595 428 1657 consuli
460 1595 804 1678 cunctandi,
835 1595 1054 1656 eadem
1085 1594 1305 1669 Gallis,
1348 1600 1778 1670 praeterquam
1812 1594 1981 1670 quod
2012 1609 2155 1654 cun-

185 1677 368 1741 ctatio
412 1679 680 1740 hostiurn
723 1679 961 1739 animos
1003 1677 1295 1753 faciebat,
1337 1679 1427 1738 rei
1468 1678 1866 1739 maturandae
1896 1683 2052 1752 erat,
2094 1683 2161 1737 ut

182 1764 550 1840 priusquam
594 1762 1108 1837 coniungerentur
1137 1765 1459 1824 consulum
1492 1763 1739 1837 copiae,
1778 1775 1909 1819 rem
1938 1761 2159 1820 transi-

181 1854 418 1924 gerent.
471 1862 584 1921 per
610 1846 864 1907 biduum
892 1851 1093 1905 tamen
1125 1846 1273 1906 nihil
1308 1846 1475 1908 aliud
1507 1861 1687 1921 quam
1720 1849 2020 1903 steterunt
2048 1859 2157 1916 pa-

181 1931 301 1993 rati
343 1929 424 1991 ad
472 1929 897 2005 pugnandum,
953 1927 1008 1988 si
1050 1927 1190 2002 quis
1242 1935 1455 1987 contra
1496 1927 1908 2003 egrederetur.
1979 1927 2158 1987 tertio

184 2013 437 2077 subiere
485 2013 566 2073 ad
609 2013 864 2087 vallum,
919 2018 1247 2087 castraque
1288 2013 1468 2071 simul
1485 2058 1490 2062 .
1510 2012 1589 2071 ab
1631 2012 1797 2072 omni
1839 2017 2014 2086 parte
2051 2010 2157 2071 ad-

184 2098 390 2174 gressi
419 2103 578 2159 sunt.
649 2096 870 2159 consul
899 2111 1068 2155 arma
1097 2096 1407 2170 extemplo
1439 2110 1663 2170 capere
1690 2095 1911 2154 milites
1942 2094 2157 2165 iussit;

185 2188 459 2245 armatos
487 2181 632 2241 inde
661 2179 981 2256 paulisper
1008 2179 1333 2253 continuit,
1375 2185 1443 2240 ut
1469 2183 1531 2237 et
1558 2176 1840 2239 stolidam
1870 2178 2156 2237 fiduciam

183 2264 354 2329 hosti
375 2269 642 2340 augeret,
673 2271 734 2325 et
755 2261 1115 2339 disponeret
1137 2262 1371 2338 copias,
1406 2261 1626 2337 quibus
1653 2275 1939 2336 quaeque
1963 2260 2159 2335 portis

189 2355 600 2425 erumperent.
664 2348 823 2408 duae
864 2347 1140 2423 legiones
1185 2347 1425 2407 duabus
1475 2344 1913 2421 principalibus
1963 2342 2157 2417 portis

186 2436 371 2511 signa
410 2432 634 2493 efferre
672 2434 901 2493 iussae.
963 2430 1167 2491 sedin
1196 2432 1338 2506 ipso
1371 2430 1537 2491 exitu
1565 2430 1649 2488 ita
1678 2426 1936 2488 conserti
1972 2426 2159 2487 obsti-

183 2526 322 2579 tere
351 2516 503 2578 Galli
542 2523 614 2577 ut
640 2516 996 2577 clauderent
1021 2514 1202 2575 viam.
1266 2515 1372 2575 diu
1400 2514 1461 2573 in
1492 2511 1791 2588 angustiis
1822 2517 2160 2587 pugnatum

185 2608 306 2663 est.
365 2616 482 2662 nec
523 2600 756 2661 dextris
799 2598 994 2675 magis
1035 2599 1383 2675 gladiisque
1424 2597 1751 2672 gerebatur
1788 2610 1925 2669 res,
1975 2610 2161 2670 quam

185 2684 386 2748 scutis
430 2685 922 2761 corporibusque
966 2682 1122 2758 ipsis
1167 2682 1379 2744 obnixi
1417 2682 1749 2757 urgebant,
1794 2679 2055 2741 Romani
2095 2684 2164 2737 ut

185 2771 372 2846 signa
406 2770 574 2829 foras
615 2768 932 2839 efferrent,
979 2766 1133 2828 Galli
1172 2773 1237 2826 ut
1271 2772 1376 2827 aut
1402 2766 1460 2825 in
1494 2772 1698 2825 castra
1723 2763 1848 2839 ipsi
1878 2770 2160 2837 penetra-

183 2860 358 2927 rent,
403 2860 507 2913 aut
548 2853 716 2914 exire
742 2854 1058 2913 Romanos
1101 2850 1513 2927 prohiberent.
1581 2864 1698 2909 nec
1741 2853 1882 2908 ante
1909 2847 1973 2906 in
2000 2846 2162 2906 hanc

187 2944 305 2999 aut
329 2938 490 2997 illam
516 2944 754 3013 partem
783 2934 1016 2996 moveri
1045 2936 1211 2996 acies
1243 2940 1602 3009 potuerunt,
1638 2948 1821 3008 quam
1852 2930 1918 3004 Q.
1948 2930 2159 2990 Victo-

189 3022 326 3082 rius
377 3022 555 3097 primi
605 3022 712 3098 pili
763 3019 1036 3081 centurio
1079 3026 1142 3081 et
1180 3020 1242 3079 C.
1286 3018 1528 3079 Atinius
1569 3017 1845 3075 tribunus
1887 3012 2159 3083 militum,

189 3112 452 3182 quartae
479 3105 598 3179 hic,
626 3106 729 3167 ille
757 3103 1074 3166 secundae
1089 3102 1370 3179 legionis,
1398 3118 1529 3162 rem
1552 3101 1613 3160 in
1638 3098 1881 3173 asperis
1906 3094 2161 3170 proeliis

186 3204 389 3265 saepe
417 3196 795 3265 temptatam,
827 3188 1005 3265 signa
1034 3188 1321 3262 adempta
1350 3182 1657 3261 signiferis
1685 3182 1747 3241 in
1774 3178 1973 3240 hostis
2003 3179 2162 3238 iece-

183 3280 352 3335 runt.
411 3273 558 3335 dum
596 3279 882 3351 repetunt
921 3271 1102 3333 enixe
1137 3272 1381 3347 signum
1397 3315 1412 3343 ,
1455 3267 1694 3343 priores
1725 3261 2065 3326 secundani
2093 3275 2167 3321 se

189 3364 378 3437 porta
411 3359 684 3419 eiecere.
747 3357 983 3419 XLVII.
1048 3356 1166 3416 iam
1209 3353 1272 3413 hi
1310 3358 1485 3413 extra
1532 3350 1757 3411 vallum
1808 3345 2159 3423 pugnabant

189 3448 416 3519 quarta
453 3441 698 3517 legione
737 3442 799 3502 in
827 3448 1008 3517 porta
1041 3440 1334 3502 haerente
1348 3483 1363 3509 ‚
1409 3450 1548 3498 cum
1574 3433 1733 3495 alius
1762 3431 2054 3494 tumultus
2084 3442 2165 3489 ex

188 3541 424 3587 aversa
463 3532 637 3603 parte
679 3532 1019 3588 castrorum
1060 3532 1156 3587 est
1181 3530 1455 3585 exortus.
1520 3519 1583 3582 in
1610 3524 1849 3665 ρξιιέεηι
1878 3518 2163 3592 quaesto-
