2548 3950
540 185 772 246 LIBER
797 185 1036 246 XXXII.
1081 184 1249 246 CAP.
1276 192 1583 247 10.11.12.
1632 191 1704 258 [a.
1730 189 1794 243 c.
1820 191 1945 258 198]
2138 184 2222 250 55

253 335 696 410 ballistaeque,
749 334 812 393 in
857 333 1139 394 omnibus
1180 349 1379 409 prope
1421 335 1677 410 rupibus
1722 336 1901 411 quasi
1941 337 2004 397 in
2046 353 2219 399 muro

247 417 619 494 dispositae.
683 417 889 478 multis
929 417 1086 478 hinc·
1114 425 1303 494 atque
1333 417 1499 478 illinc
1536 419 1893 482 vulneribus
1924 423 2219 498 acceptiS,

246 518 392 563 cum
435 501 650 575 etiam,
691 501 847 562 utin
876 501 1116 578 proelio
1132 503 1339 577 iusto,
1364 503 1619 578 aliquot
1646 503 2048 580 cecidissent,
2091 521 2219 567 nox

245 601 502 662 pugnae
527 584 715 646 finem
745 585 905 648 fecit.

417 669 520 730 XI.
566 668 722 729 Cum·
742 669 948 730 inhoc
970 678 1133 732 statu
1151 685 1254 731 res
1269 679 1461 744 esset,
1496 678 1707 746 pastor
1730 671 1979 747 quidam
2003 688 2041 736 a
2063 673 2216 733 Cha-

241 769 405 830 ropo
430 752 720 829 principe
737 753 1126 829 Epirotarum
1153 755 1383 814 missus
1414 755 1737 816 deducitur
1764 755 1845 816 ad
1862 759 2213 822 consulem.

242 837 406 899 isse
430 837 600 898 ineo
629 839 790 898 saltu
803 881 818 910 ,
851 837 957 915 qui
985 839 1173 914 regiis
1202 845 1330 898 tum
1358 845 1663 899 teneretur
1696 839 1946 915 castris,
1977 855 2215 903 armen-

239 929 374 983 tum
401 936 668 997 pascere
695 921 939 983 solitum
969 923 1050 982 ait
1079 937 1295 983 omn-es
1323 921 1617 982 montium
1644 938 1861 984 eorum
1882 925 2214 988 amfractus

239 1006 561 1080 callesque
589 1020 798 1066 nosse.
841 1007 898 1066 si
927 1022 1139 1068 secum
1168 1007 1415 1082 aliquos
1446 1007 1663 1067 consul
1689 1006 1925 1066 mittere
1944 1007 2111 1083 velit,
2142 1023 2217 1068 se

239 1105 369 1149 non
413 1089 624 1166 iniquo
655 1104 774 1150 nec
799 1089 1146 1166 perdifficili
1175 1091 1345 1152 aditu
1374 1106 1567 1164 super
1594 1097 1781 1165 eaput
1804 1089 2072 1152 hostium
2099 1106 2213 1153 eos

236 1173 666 1234 deducturum.
736 1173 892 1234 haec
932 1173 1036 1234 ubi
1079 1177 1297 1236 consul
1328 1175 1588 1249 audivit,
1631 1181 2095 1250 percunctatum
2128 1177 2212 1236 ad

236 1257 590 1332 Charopum
609 1257 801 1329 mittit,
833 1259 1068 1319 satisne
1091 1259 1467 1320 credendum
1489 1273 1681 1335 super
1702 1265 1874 1321 tanta.
1890 1274 1959 1318 re
1982 1260 2211 1333 agresti

236 1347 541 1402 censeret.
581 1338 905 1418 Charopus
933 1343 1270 1404 renuntiari
1304 1342 1487 1414 iubet,
1520 1344 1603 1402 ita
1632 1343 1927 1411 crederet,
1960 1349 2029 1401 ut
2054 1358 2209 1402 suae

234 1425 449 1500 potius
493 1425 698 1484 omnia
742 1441 926 1502 quam
969 1426 1130 1486 illius
1171 1426 1499 1502 potestatis
1541 1432 1771 1486 essent.
1844 1441 1983 1484 cum
2011 1425 2209 1500 magis

233 1509 424 1569 vellet
453 1503 708 1570 credere
750 1525 934 1584 quam
971 1511 1230 1570 auderet
1268 1509 1649 1586 mixtumque
1684 1508 1909 1583 gaudio
1953 1517 2014 1571 et
2046 1515 2210 1571 metu

233 1592 507 1652 animum
533 1599 788 1668 geret-eu
820 1594 1178 1655 auctoritate
1205 1600 1409 1654 motus
1440 1593 1703 1668 Charopi
1734 1592 2001 1667 experiri
2030 1609 2209 1669 spem

234 1675 504 1736 oblatam
532 1677 736 1738 statuit
747 1698 768 1748 3
812 1685 874 1738 et
898 1684 964 1738 ut
977 1683 1295 1738 averteret
1320 1693 1453 1738 rem
1480 1677 1557 1738 ab
1587 1677 1944 1752 suspicione
1959 1723 1975 1750 ,
2018 1677 2205 1740 biduo

232 1759 584 1834 insequenti
609 1762 923 1821 lacessere
949 1761 1207 1837 hostem,
1241 1761 1565 1838 dispositis
1594 1761 1673 1822 ab
1704 1761 1868 1820 omni
1894 1767 2071 1836 parte
2101 1778 2205 1824 co·

229 1843 353 1920 piis
385 1843 988 1922 succedentibusque
1015 1846 1266 1921 integris
1296 1847 1360 1906 in
1382 1847 1599 1906 locum
1626 1844 2035 1918 defessorum,
2080 1861 2205 1906 non

236 1925 482 1988 destitit.
557 1934 842 2002 quattuor
884 1929 1070 1991 milia„>
1089 1930 1232 1991 inde
1273 1932 1442 1991 lecta.
1476 1929 1749 2006 peditum
1793 1933 1859 1990 et
1896 1935 2203 1990 trecentos

229 2013 472 2088 equites
501 2012 745 2074 tribuno
775 2014 1028 2075 militum
1057 2014 1258 2074 tradit.
1304 2015 1561 2091 equiteS,
1579 2016 1785 2091 quoad
1804 2016 1945 2077 loca
1963 2015 2199 2088 patian-

229 2104 359 2169 tur,
405 2094 873 2168 ducere·iub·'et.;
916 2097 1022 2159 ubi
1051 2098 1134 2159 ad
1163 2098 1328 2159 invia
1356 2098 1545 2173 equiti
1576 2104 1824 2157 ventum
1854 2096 1951 2169 sit,
1980 2098 2041 2155 in
2071 2099 2202 2173 pla-

228 2179 378 2240 nitie
406 2180 826 2254 aliqua-locari
847 2182 1214 2256 equitatum3
1246 2182 1507 2257 pediteS,
1542 2197 1668 2255 qua
1686 2182 1815 2241 dux
1837 2187 2205 2241 monstraret

228 2264 424 2338 viam,
453 2263 576 2333 ire3
621 2264 756 2337 ubi,
798 2271 866 2324 ut
893 2266 1284 2339 polliceatur,
1328 2279 1517 2340 super
1546 2271 1733 2339 caput
1758 2263 2029 2327 hos-tium
2056 2280 2201 2339 per-

227 2353 481 2408 ventum
521 2348 628 2423 sit,
674 2349 840 2409 fumo
872 2349 1022 2409 dare
1065 2349 1339 2423 signum,
1382 2362 1499 2407 nec
1526 2356 1707 2407 antea
1735 2346 2067 2417 clamorem
2089 2348 2201 2408 tol—

227 2446 376 2505 .ere,
412 2446 598 2507 quam
621 2429 697 2490 ab
727 2448 799 2493 se
827 2432 1006 2507 signo
1036 2439 1294 2507 accepto
1322 2447 1592 2508 pugnam
1617 2437 1898 2511 coeptam
1922 2429 2201 2491 arbitrari

227 2522 466 2591 posset.
537 2523 719 2577 nocte
760 2516 978 2577 itinera
1019 2516 1153 2577 fieri
1186 2516 1355 2577 iubet
1380 2548 1469 2591 ·-.·
1494 2522 1556 2575 et
1584 2530 1825 2591 pernox
1868 2516 2025 2577 forte
2053 2516 2199 2587 luna

227 2607 362 2661 erat
379 2620 496 2656 -ε
539 2599 951 2661 interdiu=·cibi
984 2600 1331 2675 quietisque
1359 2607 1631 2661 sumeret
1656 2607 1919 2675 tempus.
1975 2599 2201 2661 ducem

231 2682 558 2764 promissis
601 2683 950 2759 ingentibus
981 2690 1332 2757 oneratum,
1380 2684 1433 2745 si
1462 2684 1621 2745 fides
1652 2690 1885 2758 exstet,
1926 2684 2200 2745 vinctum

227 2775 434 2827 tamen
476 2767 720 2828 tribuno
759 2768 958 2829 tradit.
1015 2769 1113 2828 his
1141 2768 1341 2843 copiis
1368 2768 1455 2827 ita
1483 2768 1771 2829 demissis
1802 2783 1879 2828 eo
1907 2768 2195 2829 intentius

227 2852 543 2912 Romanus
571 2852 1062 2928 undique-instat
1089 2852 1609 2927 apudstationes.
1650 2851 1779 2913 XII.
1824 2851 2065 2913 interim
2094 2852 2196 2911 die

225 2936 405 2997 tertio
435 2950 574 2996 cum
603 2936 926 3013 verticem,
971 2952 1154 3013 quem
1182 2936 1487 3012 petierant
1510 2936 1801 3009 Romani,
1838 2936 2087 3009 cepisse
2114 2948 2191 2993 ac

227 3027 438 3080 tenere
479 3036 554 3079 se
592 3020 758 3081 fumo
799 3021 1246 3096 significarent,
1301 3027 1429 3081 tum
1471 3034 1619 3081 vero
1654 3018 1948 3079 trifariam
1976 3016 2195 3077 divisis

227 3103 427 3179 copiis
469 3106 688 3163 consul
727 3106 888 3165 valle
929 3105 1132 3166 media
1173 3120 1313 3165 cum
1350 3103 1603 3165 militum
1641 3100 1872 3162 robore
1896 3100 2191 3174 succedit,

229 3202 459 3248 cornua
517 3188 734 3247 dextra
779 3190 1084 3266 laevaque
1131 3190 1421 3247 admovet
1468 3184 1706 3248 castris.
1768 3200 1885 3244 nec
1936 3184 2196 3259 segnius-

225 3268 437 3333 hostes
469 3270 715 3331 obviam
743 3279 906 3333 eunt.
965 3279 1027 3332 et
1053 3272 1200 3332 dum
1225 3270 1511 3329 aviditate
1541 3267 1883 3329 certaminis
1913 3268 2193 3344 provecti

223 3362 399 3416 extra
440 3354 812 3416 munitiones
853 3361 1157 3430 pugnant,
1198 3353 1366 3414 haud
1406 3354 1591 3429 paulo
1634 3352 1919 3427 superior
1945 3360 2041 3413 est
2067 3352 2193 3413 Ro-
2264 3397 2272 3405 ,

226 3454 444 3503 manus
494 3438 672 3499 miles
712 3447 773 3500 et
813 3440 1034 3501 virtute
1076 3446 1135 3499 et
1175 3436 1431 3499 scientia
1477 3443 1537 3497 et
1574 3452 1803 3513 genere
1852 3451 2187 3499 armorum:
