2548 3950
551 173 782 234 LIBER
804 175 1011 234 XXXI.
1060 177 1334 240 CAP.26.
1360 185 1449 241 27.
1495 187 1567 254 [a.
1594 187 1657 238 o.
1684 185 1812 260 200]
2089 181 2175 245 23

209 326 424 402 itaque
462 326 771 386 revocatis
816 327 921 402 qui
962 327 1379 392 discurrerant
1417 331 1498 392 ad
1528 333 1952 406 praedandum
1981 333 2173 396 militi—

207 411 332 471 bus
373 410 812 486 instructisque
854 411 935 471 ad
971 414 1457 488 oppugnandum
1486 416 1799 476 castellum
1826 417 2179 479 Eleusinem

206 495 530 570 profectus
572 509 709 554 eum
751 496 954 556 multis
983 496 1128 556 inde
1156 498 1513 560 vulneribus
1542 501 1831 575 recessit,
1864 501 2177 577 Philippo-

211 593 339 652 que
367 593 441 638 se
468 577 736 639 venienti
765 593 843 637 ex
870 579 1110 640 Achaia
1139 581 1470 643 coniunxit.
1522 590 1816 659 temptata
1844 594 1904 646 et
1930 585 2008 646 ab
2036 587 2177 662 ipso

205 676 361 736 rege
391 663 767 738 oppugnatio
797 662 1076 724 eiusdem
1106 665 1339 726 castelli
1366 673 1479 728 est.
1523 668 1638 728 sed
1659 684 1851 728 naves
1864 669 2179 731 Romanae

208 763 250 806 a
275 745 530 807 Piraeeo
561 747 876 808 venientes
905 747 1446 826 intromissumque
1471 751 1849 826 praesidium
1878 754 2179 814 absistere

209 831 462 904 incepto
494 837 844 904 coegerunt.
890 832 1090 892 diviso
1123 833 1348 893 deinde
1377 837 1665 911 exercitu,
1695 851 1807 896 rex
1836 853 1975 898 cum
2002 846 2178 914 parte

205 913 540 976 Philoclem
569 913 844 974 Athenas
874 915 1077 989 mittit,
1121 933 1261 976 cum
1290 924 1465 992 parte
1489 919 1809 980 Piraeeum
1835 923 2071 997 pergit,
2111 929 2181 982 ut

209 999 360 1058 dum
397 997 700 1059 Philocles
755 999 1080 1060 subeundo
1120 1016 1360 1075 murOS,
1412 1009 1475 1062 et
1514 1003 1942 1065 comminanda
1980 1022 2177 1082 oppu-

205 1082 504 1158 gnatione
534 1083 874 1144 contineret
899 1082 1052 1144 urbe
1079 1083 1521 1160 Athenienses,
1562 1087 1687 1163 ipsi
1714 1087 2031 1149 Piraeeum
2057 1089 2177 1149 levi

209 1183 352 1226 cum
375 1167 688 1242 praesidio
710 1167 986 1228 relictum
1000 1170 1395 1244 expugnandi
1418 1172 1673 1233 facultas
1690 1178 1876 1234 esset.
1908 1180 2177 1233 ceterum

209 1249 406 1311 nihilo
436 1251 495 1310 ei
512 1249 748 1310 Piraeei
778 1267 961 1326 quam
981 1251 1290 1314 Eleusinis
1322 1254 1560 1315 facilior
1585 1255 1783 1316 isdem
1813 1256 1942 1316 fere
1966 1257 2177 1316 defen·

209 1334 499 1396 dentibus
524 1335 903 1410 oppugnatio
926 1336 1052 1396 suit.
1085 1354 1122 1396 a
1140 1337 1394 1398 Piraeeo
1406 1339 1682 1400 Athenas
1704 1345 1960 1414 repente
1982 1340 2175 1400 duxit.

209 1419 358 1479 inde
389 1418 710 1494 eruptione
738 1419 941 1480 subita
961 1420 1236 1494 peditum
1259 1421 1657 1498 equitumque
1680 1422 1837 1482 inter
1860 1424 2175 1496 angustias

207 1502 488 1564 semiruti
515 1504 688 1577 muri,
722 1504 827 1580 qui
853 1503 1123 1565 brachiis
1155 1505 1399 1566 duobus
1419 1505 1736 1567 Piraeeum
1757 1505 2014 1566 Athenis
2044 1507 2176 1568 iun-

210 1587 329 1662 git,
379 1588 700 1661 repulsuS,
754 1587 985 1648 omissa
1037 1589 1497 1664 oppugnatione
1535 1589 1737 1664 urbiS,
1795 1590 1995 1652 diviso
2038 1608 2176 1652 cum

207 1671 484 1732 Philocle
509 1687 727 1732 rursus
769 1672 1070 1746 exercitu,
1113 1672 1192 1734 ad
1237 1688 1421 1749 agros
1466 1675 1801 1735 vastandos
1843 1677 2177 1752 profectuS,

213 1772 356 1818 cum
383 1757 650 1833 priorem
678 1757 1136 1835 populationem
1165 1759 1469 1834 sepulcris
1500 1759 1663 1820 circa
1695 1758 1910 1822 urbem
1932 1760 2177 1820 diruen-

205 1842 313 1904 dis
356 1843 766 1917 exercuisset,
809 1859 887 1903 ne
931 1843 1082 1919 quid
1117 1844 1472 1905 inviolatum
1508 1845 1907 1920 relinqueret,
1950 1845 2177 1920 templa

211 1929 418 2005 deum,
449 1944 608 2005 quae
631 1928 898 2006 pagatim
923 1937 1163 1990 sacrata
1185 1927 1509 2004 habebant,
1545 1929 1704 1990 dirui
1726 1933 1912 2004 atque
1934 1929 2174 1991 incendi

213 2013 416 2074 iussit.
463 2022 523 2075 et
550 2021 766 2075 ornata
791 2028 868 2073 eo
899 2028 1127 2089 genere
1156 2030 1413 2090 operum
1443 2013 1664 2083 eximie
1694 2020 1857 2074 terra
1886 2014 2091 2075 Attica
2120 2023 2179 2076 et

208 2098 400 2175 copia
441 2098 760 2159 domestici
805 2098 1126 2159 marmoris
1169 2105 1231 2159 et
1266 2097 1526 2175 ingeniis
1567 2097 1867 2159 artificum
1897 2098 2181 2173 praebuit

213 2180 360 2243 huic
411 2182 602 2242 furori
650 2182 981 2243 materiam.
1055 2198 1259 2259 neque
1308 2184 1469 2243 enim
1521 2183 1767 2243 diruere
1807 2184 1993 2242 modo
2040 2182 2180 2258 ipsa

215 2266 443 2342 templa
489 2282 562 2327 ac
611 2266 938 2332 simulacra
977 2274 1252 2327 evertere
1293 2266 1443 2327 satis
1485 2265 1725 2340 habuit,
1776 2265 1892 2326 sed
1939 2266 2178 2339 lapides

219 2365 498 2427 quoque,
548 2366 626 2411 ne
669 2350 884 2425 integri
925 2352 1306 2411 cumularent
1342 2350 1583 2423 ruinas,
1626 2348 1825 2424 frangi
1865 2347 2063 2409 iussit.
2120 2354 2183 2409 et

215 2441 550 2511 postquam
591 2452 713 2498 non
752 2442 875 2496 tam
903 2436 996 2497 ira
1023 2436 1241 2497 satiata
1271 2452 1456 2512 quam
1484 2436 1612 2495 irae
1640 2432 2025 2495 exercendae
2052 2449 2178 2493 ma-

213 2521 370 2581 teria
399 2519 627 2596 deerat,
657 2534 806 2595 agro
836 2521 1102 2587 hostium
1131 2522 1190 2581 in
1216 2520 1534 2582 Boeotiam
1558 2518 1847 2593 excessit,
1877 2532 1993 2578 nec
2016 2517 2181 2578 aliud

213 2604 548 2681 quicquam
579 2604 828 2681 dignum
857 2606 1150 2667 memoria
1180 2608 1241 2665 in
1273 2605 1531 2665 Graecia
1558 2604 1699 2679 egit.

382 2688 622 2749 XXVII.
681 2688 910 2750 Consul
955 2690 1264 2766 Sulpicius
1308 2705 1383 2751 eo
1422 2697 1701 2763 tempore
1739 2687 1896 2747 inter
1922 2686 2181 2762 Apollo-

217 2775 380 2835 niam
421 2788 495 2833 ac
535 2772 938 2851 Dyrrachium
984 2775 1064 2834 ad
1093 2776 1331 2849 Apsum
1372 2772 1601 2834 flumen
1640 2770 1907 2833 habebat
1946 2778 2180 2841 castra;

222 2874 344 2935 quo
377 2858 738 2919 arcessitum
761 2858 829 2921 L.
853 2858 1181 2934 Apustium
1209 2859 1474 2932 legatum
1504 2873 1643 2917 eum
1666 2862 1845 2933 parte
1867 2855 2183 2931 copiarum
2258 2903 2267 2913 fl

220 2944 299 3004 ad
327 2941 802 3018 depopulandos
833 2942 1102 3004 hostium
1130 2943 1289 3003 fines
1319 2942 1513 3003 mittit.
1555 2941 1877 3017 ApustiuS,
1910 2948 2183 2999 extrema

219 3026 619 3089 Macedoniae
660 3027 1021 3101 populatus,
1065 3026 1377 3102 Corrhago
1419 3032 1480 3087 et
1510 3024 1777 3087 Gerunio
1820 3028 1881 3083 et
1910 3021 2181 3098 Orgesso

219 3110 488 3171 castellis
519 3110 715 3184 primo
746 3110 974 3186 impetu
1003 3111 1198 3186 captis
1229 3110 1310 3171 ad
1334 3110 1773 3186 Antipatream,
1806 3106 1869 3165 in
1898 3104 2185 3166 saucibus

219 3194 498 3269 angustis
528 3193 706 3253 sitam
733 3193 967 3267 urbem,
997 3195 1181 3254 venit.
1227 3208 1301 3253 ac
1323 3193 1521 3269 primo
1552 3196 1845 3253 evocatos
1869 3188 2187 3265 principes

222 3278 300 3337 ad
329 3277 724 3353 colloquium,
755 3283 823 3336 ut
849 3277 994 3337 fidei
1015 3277 1435 3337 Romanorum
1462 3291 1535 3336 se
1556 3272 2011 3348 committerent,
2042 3288 2183 3348 per·

219 3361 406 3422 licere
447 3367 545 3423 est
587 3367 875 3431 conatus;
924 3359 1149 3420 deinde
1177 3358 1283 3419 ubi
1311 3357 1726 3433 magnitudine
1754 3373 1829 3418 ac
1854 3356 2181 3417 moenibus

220 3446 470 3521 situque
507 3443 680 3505 urbis
721 3443 856 3503 freti
895 3443 1059 3504 dicta
1099 3442 1615 3519 aspernabantur,
1666 3442 1728 3503 vi
1770 3446 1955 3517 atque
1996 3439 2185 3501 armis
