2548 3950
367 226 451 288 40
747 190 978 285 Lissa
997 224 1205 286 xxxi.
1250 225 1416 284 CAP.
1439 232 1527 285 45.
1576 230 1648 298 [a.
1674 228 1742 281 υ.
1766 246 1815 282 c.
1839 229 1967 296 552]

367 380 639 450 mallent,
681 383 1007 451 postquam
1046 373 1355 451 praesidio
1398 373 1569 449 regio
1611 388 1814 434 arcem
1854 375 2049 435 teneri
2085 391 2204 436 nec
2247 393 2326 438 se

364 460 689 536 potestatis
718 475 868 520 suae
891 473 1035 519 esse
1061 457 1537 533 respondebant,
1567 457 1867 533 expositis
1897 458 2096 534 copiis
2123 475 2318 534 appa-

362 552 625 618 ratuque
655 541 814 604 omni
853 542 1096 604 urbium
1136 540 1689 617 oppugnandarum
1729 539 1995 602 diversis
2038 541 2324 618 partibus

362 644 475 686 rex
507 634 567 686 et
587 630 822 700 legatus
843 627 1160 694 Romanus,
1178 624 1259 685 ad
1280 624 1495 686 urbem
1517 622 1799 685 subeunt.
1833 626 1985 701 -plus
2004 625 2323 702 aliquanto

367 712 641 772 Graecos
667 712 945 774 Romana
984 724 1152 768 arma
1188 706 1490 783 signaque
1520 723 1643 768 non
1674 713 1816 768 ante
1840 708 1979 768 visa
2007 709 2325 787 animique

362 796 615 854 militum
657 800 779 853 tam
819 797 1104 868 prompte
1144 790 1605 852 succedentium
1633 806 1844 853 muros
1870 797 2162 852 terruere.
2206 794 2321 854 ita·

364 894 487 952 >que
517 878 661 952 fuga
689 876 993 953 extemplo
1022 875 1087 936 in
1113 890 1318 936 arcem
1344 876 1505 936 facta
1530 880 1658 945 est3
1700 875 1853 936 urbe
1879 875 2093 944 hostes
2122 876 2323 951 potiti.

362 968 421 1020 et
451 960 509 1020 in
543 977 683 1020 arce
711 976 851 1022 cum
881 960 1130 1021 biduum
1158 958 1279 1021 loci
1309 974 1380 1019 se
1406 959 1601 1035 magis
1628 975 1811 1034 quam
1830 974 2138 1020 armorum
2159 960 2320 1021 fidu-

360 1046 457 1104 cia
489 1044 842 1118 tenuissent,
869 1043 1048 1104 tertio
1078 1043 1180 1103 die
1206 1043 1385 1118 pacti,
1414 1043 1534 1118 ipsi
1559 1041 2058 1118 praesidiumque
2084 1048 2154 1102 ut
2179 1058 2320 1104 eum

362 1128 617 1200 singulis
677 1127 1054 1188 vestimentis
1109 1126 1344 1186 Delium
1400 1126 1691 1188 Boeotiae
1758 1127 2323 1202 transveherentur,

360 1212 573 1270 urbem
615 1226 946 1287 arcemque
971 1210 1368 1271 tradiderunt.
1424 1225 1499 1270 ea
1525 1209 1600 1270 ab
1629 1210 1921 1270 Romanis
1949 1208 2081 1285 regi
2108 1210 2322 1271 Attalo

362 1310 695 1356 concessa:
739 1296 1034 1371 praedam
1075 1298 1553 1369 ornamentaque
1592 1294 1765 1354 urbis
1805 1293 1925 1368 ipsi
1948 1299 2322 1374 avexerunt.

358 1380 601 1438 Attalus
633 1396 710 1440 ne
737 1379 1041 1440 desertam
1070 1377 1326 1438 haberet
1352 1377 1631 1452 insulam,
1662 1385 1726 1438 et
1752 1377 2160 1438 Macedonum
2191 1379 2325 1438 fere

362 1464 645 1522 omnibus
671 1467 730 1522 et
754 1462 1121 1538 quibusdam
1131 1460 1521 1535 Andriorum,
1544 1467 1612 1522 ut
1630 1467 1964 1536 manerent,
1989 1459 2324 1536 persuasit.

364 1554 581 1640 postea
613 1556 671 1606 et
703 1547 776 1606 ab
806 1543 1010 1616 Delio,
1057 1545 1160 1621 qui
1185 1560 1263 1604 ex
1294 1551 1476 1620 pacto
1504 1544 1759 1606 travecti
1786 1561 1860 1606 eo
1892 1545 2147 1618 fuerant,
2178 1561 2324 1620 pro-

358 1628 565 1686 missis
609 1629 802 1702 regiS‚
848 1645 983 1689 cum
1015 1627 1389 1688 desiderium
1419 1644 1669 1705 quoque
1706 1627 1939 1703 patriae
1968 1627 2208 1732 facilius
2238 1628 2320 1688 ad

362 1714 738 1770 credendum
765 1713 1081 1773 inclinaret
1105 1711 1364 1785 animos,
1393 1713 1684 1773 revocati.

527 1796 625 1854 Ab
655 1796 866 1856 Andro
898 1794 1202 1892 Cythnum
1227 1795 1611 1856 traiecerunt.
1665 1795 1749 1855 ibi
1780 1795 1913 1856 dies
1941 1794 2179 1871 aliquot
2211 1810 2325 1870 op·

362 1878 693 1954 pugnanda
721 1879 872 1939 urbe
901 1878 1277 1954 nequiquam
1303 1879 1641 1953 absumpti3
1694 1886 1755 1940 et
1782 1879 1927 1954 quia
1956 1879 2064 1940 vix
2092 1894 2327 1955 operae

365 1965 621 2039 pretium
655 1969 801 2037 erat,
831 1963 1217 2024 abscessere.
1290 1963 1371 2023 ad
1399 1962 1645 2023 Prasias
1668 1996 1755 2009 ·-
1776 1963 2141 2026 continentis
2169 1963 2323 2025 Atti·

364 2065 473 2107 cae
503 2049 557 2107 is
601 2049 774 2107 locus
817 2048 1390 2108 est—Issaeorum
1430 2047 1641 2122 viginti
1670 2049 1850 2108 lembi
1880 2048 2064 2108 classi
2095 2048 2323 2109 Roma-

362 2149 577 2191 norum
611 2131 875 2191 adiuncti
907 2138 1063 2191 sunt.
1109 2131 1152 2190 ii
1178 2130 1353 2191 missi
1377 2133 1455 2192 ad
1483 2132 1877 2206 populandos
1902 2131 2325 2207 Carystiorum

362 2233 581 2289 agros;
643 2221 844 2279 cetera
879 2216 1098 2276 classis
1131 2214 1519 2287 Geraestum,
1563 2214 1829 2276 nobilem
1856 2215 2147 2276 Euboeae
2175 2231 2323 2290 por-

358 2309 503 2371 tum,
537 2301 681 2359 dum
711 2300 788 2360 ab
820 2298 1078 2377 Carysto
1107 2299 1301 2359 Issaei
1328 2299 1611 2373 redirent,
1640 2299 1849 2359 tenuit.
1912 2298 2055 2358 inde
2086 2314 2323 2374 omneS,

358 2387 511 2443 velis
543 2385 601 2441 in
633 2387 816 2443 altum
847 2384 1036 2457 datiS,
1077 2384 1230 2441 mari
1257 2376 1461 2443 medio
1492 2389 1735 2457 praeter
1764 2382 2029 2461 Scyrum
2056 2382 2321 2443 insulam

358 2469 523 2525 Icum
557 2481 912 2537 pervenere.
971 2428 1055 2525 ib'i
1085 2480 1321 2540 paucos
1350 2466 1484 2525 dies
1514 2466 1825 2527 saeviente
1852 2468 2055 2527 Borea
2078 2468 2319 2539 retenti,

358 2551 463 2607 ubi
493 2549 687 2621 prima
711 2548 1116 2623 tranquillitas
1140 2548 1284 2608 data
1305 2554 1417 2623 est,
1443 2547 1752 2610 Sciathum
1776 2550 2086 2625 traiecere,
2115 2556 2323 2611 vasta-

360 2639 481 2691 tam
535 2633 742 2691 urbem
802 2632 1227 2707 dIreptamque
1276 2648 1473 2706 nuper
1514 2649 1551 2692 a
1587 2632 1888 2711 Philippo.
1970 2649 2084 2709 per
2132 2650 2321 2709 agros

360 2715 547 2789 palati
589 2715 806 2776 milites
847 2715 1243 2791 frumentum,
1286 2722 1348 2775 et
1373 2717 1428 2775 si
1458 2733 1582 2791 qua
1623 2717 1742 2777 alia
1768 2718 1907 2779 usui
1937 2732 2079 2779 esse
2108 2719 2188 2777 ad
2213 2733 2320 2777 ve·

362 2801 659 2857 scendum
699 2806 1010 2875 poterant,
1053 2799 1134 2859 ad
1175 2814 1366 2860 naves
1394 2802 1697 2861 rettulere.
1743 2802 2015 2878 praedae
2040 2816 2157 2862 nec
2186 2808 2321 2862 erat

362 2883 687 2955 quicquam
705 2928 719 2956 ,
764 2898 878 2942 nec
907 2890 1250 2945 meruerant
1279 2883 1523 2958 Graeci,
1556 2900 1667 2944 cur
1694 2884 2120 2961 diriperentur.
2173 2885 2323 2945 inde

362 2967 809 3026 Cassandream
848 2973 1127 3042 petentes
1168 2966 1367 3043 primo
1410 2968 1491 3027 ad
1517 2967 1914 3043 Mendaeum,
1956 2967 2322 3030 maritimum

360 3051 619 3109 civitatis
651 3053 782 3111 eius
814 3050 1032 3126 vicum,
1059 3059 1330 3112 tenuere.
1372 3051 1517 3112 inde
1543 3066 1682 3113 cum
1710 3060 2002 3129 superato
2029 3069 2320 3128 promun-

360 3135 515 3195 turio
559 3137 635 3193 ad
679 3137 818 3211 ipsa
857 3136 1100 3197 moenia
1137 3136 1309 3196 urbis
1339 3133 1753 3210 circumagere
1782 3140 2047 3199 classem
2074 3138 2319 3209 vellent,

358 3235 547 3277 saeva
579 3226 789 3281 coorta
817 3224 1182 3295 tempestate
1210 3234 1411 3295 prope
1440 3220 1638 3281 obruti
1668 3219 1984 3295 fluctibus,
2018 3220 2322 3295 dispersi;

358 3319 579 3375 magna
609 3319 685 3361 ex
712 3309 886 3378 parte
913 3304 1158 3365 amissis
1189 3304 1574 3363 armamentis
1604 3304 1665 3363 in
1694 3311 1918 3365 terram
1954 3303 2323 3380 effugerunt.

360 3401 537 3443 omen
571 3401 817 3459 quoque
863 3401 938 3446 ea
961 3387 1260 3447 maritima
1285 3393 1617 3462 tempestas
1646 3389 1726 3448 ad
1753 3403 1883 3447 rem
1912 3394 2076 3449 terra
2103 3402 2317 3463 geren·

358 3467 495 3525 dam
529 3469 657 3527 suit.
703 3484 840 3529 nam
869 3471 1138 3531 collectis
1167 3470 1228 3530 in
1257 3486 1445 3530 unum
1473 3470 1731 3532 navibus
1764 3471 2195 3548 expositisque
2217 3484 2324 3535 co·
