2548 3950
395 309 477 370 30
699 307 932 368 LIBER.
957 308 1165 367 XXXI.
1213 306 1380 368 CAP.
1403 315 1491 370 33.
1513 315 1605 374 34.
1650 315 1724 382 [a.
1751 314 1817 366 U.
1842 331 1890 367 c.
1916 315 2044 384 5⁵2]

391 464 636 538 quidem
668 463 868 523 omnia
898 460 1061 521 circa
1089 477 1511 537 pavoremque
1539 459 1845 536 ingentem
1872 462 2188 524 hominum
2218 480 2353 528 cer-

389 548 604 606 nebatz
649 545 762 606 sed
795 561 1008 620 parum
1035 560 1295 619 gnaruS,
1342 561 1525 619 quam
1558 552 1795 620 partem
1823 547 2083 620 petisset
2109 550 2351 626 consul,

389 634 545 690 alam
573 629 842 704 equitum
869 629 949 688 ad
978 627 1445 704 explorandum,
1479 643 1746 702 quonam
1773 628 1985 690 hostes
2013 629 2127 690 iter
2154 629 2349 693 inten-

389 716 652 789 dissent,
697 712 875 773 misit.
932 711 1095 771 idem
1123 727 1298 773 error
1326 710 1494 787 apud
1523 714 1841 773 consulem
1871 720 2032 782 erat;
2075 715 2351 778 movisse

389 816 461 856 ex
497 797 762 856 hibernis
792 810 998 870 regem
1031 796 1295 866 sciebat,
1332 811 1518 871 quam
1543 795 1858 870 regionem
1887 798 2147 872 petisset
2177 799 2347 874 igno-

385 898 549 940 rans.
615 880 669 940 is
715 894 963 956 quoque
1005 880 1391 955 speculatum
1430 879 1683 939 miserat
1722 880 1976 954 equites.
2041 880 2158 940 hae
2189 883 2348 943 duae

387 968 521 1024 alae
561 980 638 1024 ex
679 964 960 1038 diverso,
1005 977 1144 1024 eum
1185 964 1293 1024 diu
1325 962 1573 1023 incertis
1603 963 1918 1023 itineribus
1947 971 2208 1039 vagatae
2236 984 2350 1041 per

385 1049 770 1108 Dassaretios
822 1053 1064 1119 essent,
1123 1047 1365 1107 tandem
1417 1046 1477 1105 in
1524 1062 1710 1106 unum
1768 1046 1880 1107 iter
1909 1058 2347 1110 convenerunt.

385 1140 632 1192 neutros
671 1130 898 1204 fefellit,
930 1136 998 1191 ut
1026 1130 1300 1190 fremitus
1330 1130 1549 1205 procul
1578 1129 1889 1191 hominum
1920 1147 2349 1208 equorumque

385 1216 705 1276 exauditus
748 1222 870 1286 est,
912 1213 1125 1274 hostes
1155 1214 1681 1288 appropinquare.
1748 1215 1954 1290 itaque
1981 1216 2346 1290 priusquam

382 1302 441 1358 in
477 1305 871 1375 conspectum
898 1296 1192 1372 venirent,
1225 1313 1425 1374 equos
1456 1312 1750 1372 armaque
1780 1298 2197 1373 expedierant.
2228 1316 2343 1360 nee

381 1402 580 1458 mora,
623 1384 728 1444 ubi
761 1384 1018 1457 primum
1048 1383 1289 1444 hostem
1316 1382 1559 1456 videre,
1605 1383 2009 1442 concurrendi
2038 1383 2203 1444 facta
2230 1392 2345 1444 est.

381 1472 535 1528 forte
573 1475 633 1528 et
673 1483 926 1529 numero
970 1475 1032 1528 et
1067 1467 1318 1541 virtute,
1370 1472 1581 1541 utpote
1621 1465 1759 1526 lecti
1802 1465 2133 1544 utrimque,
2178 1466 2347 1527 haud

381 1554 645 1624 impares
677 1552 892 1627 aequis
931 1550 1160 1611 viribus
1191 1566 1303 1627 per
1332 1550 1566 1625 aliquot
1595 1549 1783 1610 horas
1814 1557 2175 1625 pugnarunt.
2211 1552 2344 1611 fati-

381 1638 541 1708 gatio
581 1635 857 1710 ipsorum
899 1649 1326 1709 equorumque
1355 1634 1586 1693 incerta
1613 1632 1868 1694 victoria
1897 1634 2134 1694 diremit
2162 1650 2341 1708 proe-

381 1720 540 1776 lium.
583 1718 991 1778 Macedonum
1021 1717 1425 1792 quadraginta
1448 1718 1703 1792 equiteS,
1727 1719 2139 1779 Romanorum
2169 1719 2340 1793 quin-

383 1818 501 1876 que
551 1809 612 1863 et
655 1801 899 1876 triginta
954 1801 1325 1861 ceciderunt.
1400 1815 1601 1875 neque
1658 1816 1734 1861 eo
1783 1796 1978 1875 magis
2036 1803 2341 1877 explorati

385 1888 740 1960 quiequam,
783 1886 844 1943 in
876 1901 998 1961 qua
1027 1885 1280 1960 regione
1309 1891 1515 1944 castra
1543 1884 1810 1945 hostium
1838 1892 2049 1945 essent
2067 1931 2082 1957 ,
2128 1895 2231 1946 aut
2258 1887 2345 1946 illi

383 1972 456 2034 sd
493 1986 693 2045 regem
734 1977 839 2030 aut
865 1969 928 2029 hi
957 1970 1037 2030 ad
1068 1969 1383 2031 consulem
1418 1971 1790 2030 rettulerunt.
1849 1985 1961 2045 per
1987 1972 2344 2047 transfugas

381 2054 684 2127 cognitum
723 2061 847 2126 est,
891 2070 1049 2129 quos
1093 2055 1311 2114 levitas
1347 2054 1727 2128 ingeniorum
1757 2055 1836 2114 ad
1869 2057 2342 2128 cognoscendas

381 2141 646 2199 hostium
673 2153 776 2198 res
805 2137 866 2196 in
899 2139 1182 2199 omnibus
1210 2136 1389 2198 bellis
1421 2138 1692 2213 praebet.

545 2222 811 2283 XXXIV.
855 2222 1172 2298 Philippus
1203 2221 1436 2295 aliquid
1465 2227 1526 2280 et
1554 2222 1634 2280 ad
1666 2223 1974 2281 caritatem
2004 2237 2259 2283 suorum
2282 2232 2342 2285 et

377 2319 441 2367 ut
471 2309 810 2383 promptius
839 2324 954 2383 pro
985 2323 1061 2368 eo
1087 2307 1425 2383 periculum
1448 2305 1700 2376 adirent,
1729 2313 1901 2366 ratus
1924 2307 2341 2382 profecturum

377 2409 472 2463 se,
519 2393 569 2451 si
603 2393 870 2466 equitum
915 2391 1018 2467 qui
1063 2392 1412 2451 ceciderant
1440 2390 1499 2448 in
1531 2389 1921 2464 expeditione
1952 2390 2340 2465 sepeliendo·

375 2493 507 2535 rum
539 2491 744 2535 euram
774 2474 1122 2543 habuisset,
1155 2474 1379 2533 adferri
1408 2489 1518 2533 eos
1548 2474 1609 2532 in
1640 2481 1842 2534 castra
1867 2474 2063 2549 iussit,
2095 2478 2163 2535 ut
2193 2490 2339 2535 con-

377 2561 713 2631 spiceretur
756 2558 834 2617 ab
866 2557 1148 2618 omnibus
1180 2556 1411 2617 funeris
1440 2556 1662 2617 honos.
1716 2557 1862 2617 nihil
1891 2563 2012 2618 tam
2041 2558 2340 2619 incertum

375 2659 487 2699 nee
521 2651 638 2701 tam
669 2642 1111 2702 inaestimabile
1139 2648 1237 2701 est
1266 2656 1449 2716 quam
1478 2640 1660 2700 animi
1693 2641 2109 2702 multitudinis.
2168 2643 2339 2718 quod

377 2725 782 2800 promptiores
826 2724 906 2783 ad
949 2724 1333 2785 subeundam
1386 2740 1626 2785 omnem
1678 2725 2125 2786 dimicationem
2165 2727 2336 2786 vide·

373 2811 549 2867 batur
575 2811 903 2882 facturum,
935 2810 998 2869 id
1028 2817 1251 2871 metum
1281 2809 1709 2886 pigritiamque
1737 2810 2020 2871 incussit:
2060 2826 2202 2869 nam
2233 2810 2337 2887 qui

375 2895 567 2953 hastis
610 2894 974 2971 sagittisque
1015 2900 1077 2953 et
1114 2910 1254 2953 rara
1281 2894 1511 2954 lanceis
1542 2894 1704 2953 facta
1729 2896 1986 2955 vulnera
2012 2894 2335 2968 vidissent,

375 2995 511 3037 cum
539 2977 787 3037 Graecis
809 2977 1157 3055 Illyriisque
1184 2993 1460 3052 pugnare
1482 2977 1741 3052 adsueti,
1776 2985 2106 3053 postquam
2126 2979 2337 3053 gladio

373 3062 762 3137 Hispaniensi
792 3061 1151 3122 detruncata
1180 3076 1443 3137 corpora
1464 3062 1729 3123 brachiis
1752 3078 1893 3122 cum
1914 3060 2169 3122 humero
2192 3062 2335 3122 abs-

373 3149 545 3219 cisiS‚
598 3153 700 3208 aut
748 3151 874 3207 tota
926 3146 1163 3206 cervice
1214 3148 1466 3207 desecta
1515 3147 1715 3205 divisa
1743 3163 1781 3206 a
1822 3161 2083 3222 corpore
2135 3146 2337 3220 capita

373 3230 760 3304 patentiaque
805 3230 1049 3290 viscera
1083 3237 1142 3291 et
1183 3231 1533 3293 foeditatem
1573 3229 1752 3290 aliam
1801 3231 2122 3291 vulnerum
2162 3230 2331 3289 vide—

373 3321 525 3387 runt,
559 3315 859 3398 adversus
891 3330 1048 3389 quae
1076 3316 1198 3375 tela
1227 3329 1513 3391 quosque
1544 3314 1709 3373 viros
1732 3316 2133 3389 pugnandum
2154 3314 2335 3388 foret,

375 3399 575 3469 pavidi
603 3398 788 3472 vulgo
813 3399 1162 3459 cernebant.
1207 3400 1411 3474 ipsum
1436 3414 1681 3474 quoque
1702 3413 1911 3473 regem
1933 3401 2129 3459 terror
2150 3399 2337 3473 cepit,

373 3481 642 3541 nondum
683 3482 844 3543 iusto
885 3484 1120 3558 proelio
1166 3498 1304 3543 cum
1332 3482 1625 3542 Romanis
1656 3497 2077 3556 congressum.
2124 3482 2339 3556 itaque

375 3572 656 3628 revocato
698 3566 824 3629 filio
853 3565 1325 3642 praesidioque,
1370 3566 1538 3640 quod
1566 3566 1624 3625 in
1658 3565 1936 3627 saucibus
1964 3566 2338 3640 Pelagoniae
