2548 3950
556 164 786 228 LIBER
813 165 1079 227 XXXIV.
1126 167 1293 228 CAP.
1325 175 1409 229 lo.
1440 179 1524 232 11.
1568 168 1623 247 [a
1676 174 1743 228 c,
1775 172 1898 249 195]
2087 169 2210 236 135

226 313 544 395 Hispania
570 332 707 380 cum
736 318 1048 395 praesidio
1079 335 1196 381 sex
1222 316 1484 392 milium,
1518 321 1659 382 dato
1691 320 1770 382 ab
1798 323 1919 397 Ap.
1953 321 2206 387 Claudio

230 401 529 479 praetore
544 448 560 476 ,
612 400 893 465 Celtiberi
940 403 1182 480 agmine
1231 402 1465 479 ingenti
1503 404 1586 464 ad
1625 404 1926 482 oppidum
1974 405 2205 482 Iliturgi

231 492 660 548 occurrerunt.
742 485 955 562 viginti
1008 487 1174 548 milia
1230 495 1606 549 armatorum
1662 487 1860 550 fuisse
1915 491 2205 552 Valerius

228 569 484 638 scribit;
538 569 865 632 duodecim
906 570 1073 632 milia
1112 587 1193 632 ex
1232 569 1310 634 iis
1355 587 1542 633 caesa
1567 617 1582 646 ,
1635 571 1934 649 oppidum
1975 576 2207 650 Iliturgi

226 663 584 729 receptum,
626 660 689 715 et
727 655 997 730 puberes
1028 654 1228 716 omnis
1257 655 1636 718 interfectos.
1718 655 1865 718 inde
1893 660 1973 717 ad
2005 668 2205 720 castra

229 737 487 800 Catonis
527 735 785 798 Helvius
828 738 1138 813 pervenit,
1191 747 1254 801 et
1295 739 1440 816 quia
1487 747 1614 802 tuta
1652 739 1776 802 iam
1817 741 1894 801 ab
1924 739 2203 802 hostibus

226 820 407 898 regio
440 829 589 894 erat,
618 820 933 898 praesidio
956 822 1019 883 in
1043 821 1398 885 ulteriorem
1415 822 1778 899 Hispaniam
1804 824 2067 886 remisso
2083 830 2203 886 Ro—

228 921 397 967 mam
435 914 533 967 est
572 906 921 980 profectuS,
966 914 1028 968 et
1055 906 1134 968 ob
1162 923 1296 968 rem
1326 905 1582 968 feliciter
1608 916 1847 983 gestam
1876 926 2071 971 ovans
2105 930 2201 970 ur-

227 991 376 1052 bem
404 997 501 1050 est
528 987 873 1062 ingressus.
919 989 1154 1066 argenti
1174 989 1387 1053 infecti
1410 989 1543 1052 tulit
1561 989 1624 1050 in
1654 991 1957 1054 aerarium
1987 996 2203 1054 decem

228 1081 525 1150 quattuor
552 1071 719 1133 milia
748 1073 957 1150 pondo
989 1074 1381 1152 septingenta
1405 1073 1651 1150 triginta
1679 1076 1802 1138 duo
1821 1122 1838 1150 ,
1881 1084 1941 1140 et
1983 1078 2203 1150 signati

226 1157 578 1233 bigatorum
606 1156 1031 1232 septendecim
1058 1156 1224 1221 milia
1252 1157 1469 1234 viginti
1497 1157 1642 1234 tria,
1687 1167 1750 1221 et
1779 1159 2071 1221 Oscensis
2103 1180 2199 1220 ar-

228 1240 401 1318 genti
442 1247 687 1302 centum
735 1239 1117 1317 undeviginti
1157 1241 1324 1303 milia
1358 1241 1842 1320 quadringentos
1882 1246 2197 1320 undequa-

228 1323 531 1401 draginta.
578 1340 769 1387 causa
789 1324 1079 1403 triumphi
1102 1324 1370 1402 negandi
1392 1327 1633 1388 senatui
1661 1327 1776 1388 fuit
1799 1330 1969 1402 quod
1999 1330 2197 1390 alieno

227 1408 515 1486 auspicio
548 1416 610 1470 et
637 1407 703 1468 in
730 1409 931 1471 aliena
956 1409 1284 1486 provincia
1311 1418 1673 1486 pugnasset.
1730 1417 1999 1471 ceterum
2031 1412 2199 1470 bieu-

226 1492 335 1555 nio
379 1501 526 1569 post
566 1492 863 1566 redierat,
908 1509 1049 1555 cum
1087 1491 1413 1570 provincia
1442 1493 1797 1556 successori
1828 1493 1895 1568 Q.
1926 1493 2195 1557 Minucio

225 1576 454 1639 tradita
494 1593 723 1638 annum
761 1577 1193 1653 insequentem
1242 1584 1518 1640 retentus
1567 1576 1652 1638 ibi
1692 1579 1880 1653 longo
1925 1588 1985 1638 et
2025 1580 2197 1654 gravi

225 1659 455 1723 fuisset
483 1660 719 1723 morbo.
800 1659 1010 1738 itaque
1040 1663 1286 1724 duobus
1314 1661 1501 1723 modo
1531 1661 1849 1724 mensibus
1881 1670 2021 1724 ante
2055 1666 2195 1724 Hel-

226 1744 371 1806 vius
404 1761 599 1806 ovans
628 1745 843 1806 urbem
873 1752 970 1807 est
996 1744 1349 1821 ingressus,
1385 1762 1569 1822 quam
1599 1761 1933 1809 successor
1961 1748 2095 1808 eius
2129 1748 2195 1820 Q.

225 1827 537 1890 Minucius
565 1827 982 1905 triumpharet.
1027 1829 1128 1891 hic
1155 1846 1406 1907 quoque
1428 1829 1562 1892 tulit
1589 1829 1824 1905 argenti
1854 1834 2063 1906 pondo
2095 1834 2195 1890 tri-

221 1913 399 1991 ginta
413 1920 699 1989 quattuor
720 1911 887 1974 milia
907 1912 1273 1989 octingenta,
1297 1913 1642 1992 bigatorum
1672 1916 2059 1991 septuaginta
2085 1916 2195 1974 tria

226 1996 413 2069 milia,
447 2005 507 2060 et
537 1995 832 2059 Oscensis
860 1997 1101 2074 argenti
1128 1999 1395 2060 ducenta
1423 1998 1816 2075 septuaginta
1847 2006 1985 2060 octo
2013 2000 2193 2058 milia.

394 2082 495 2142 XI.
539 2081 607 2141 ln
636 2080 937 2158 Hispania
963 2080 1205 2143 interim
1243 2084 1464 2144 consul
1495 2081 1672 2143 'haud
1710 2084 1931 2158 procul
1969 2084 2195 2156 Empo-

226 2166 338 2227 riis
370 2173 574 2227 castra
614 2166 900 2227 habebat.
988 2182 1064 2226 eo
1106 2164 1294 2241 legati
1324 2174 1449 2227 tres
1492 2166 1569 2225 ab
1612 2165 1938 2240 Ilergetum
1979 2171 2191 2241 regulo

224 2248 551 2324 Bilistage,
595 2249 655 2309 in
688 2248 912 2325 quibus
943 2265 1104 2311 unus
1134 2247 1300 2311 filius
1331 2248 1465 2310 eius
1496 2254 1655 2321 erat,
1685 2257 2011 2321 venerunt,
2047 2267 2193 2325 que-

226 2342 437 2395 rentes
468 2334 721 2394 castella
750 2350 866 2394 sua
895 2332 1273 2409 oppugnari,
1319 2348 1435 2393 nec
1477 2329 1656 2408 sp‘em
1695 2332 1883 2393 ullam
1924 2348 2069 2391 esse
2099 2351 2191 2393 re-

228 2416 524 2491 sistendi,
573 2415 693 2478 nisi
735 2416 1113 2493 praesidium
1154 2418 1474 2479 Romanus
1515 2414 1817 2477 misisset:
1870 2414 1985 2477 tria
2027 2417 2194 2477 milia

226 2499 483 2561 militum
510 2499 661 2562 satis
693 2516 867 2573 esse3
910 2517 1027 2563 nec
1055 2500 1287 2575 hostiS,
1327 2500 1383 2561 si
1426 2508 1592 2563 tanta
1630 2517 1853 2562 manus
1898 2503 2195 2575 venisset,

226 2601 575 2647 mansuros.
659 2584 741 2645 ad
781 2601 858 2646 ea
900 2586 1118 2647 consul
1146 2585 1384 2647 moveri
1415 2584 1662 2661 quidem
1690 2600 1762 2646 se
1789 2586 1898 2662 vel¹
1916 2585 2193 2662 periculo

226 2685 441 2731 eorum
470 2670 568 2729 vel
598 2676 764 2729 metu
792 2668 1029 2730 diceret
1074 2670 1187 2731 sed
1230 2668 1351 2731 sibi
1390 2686 1787 2747 nequaquam
1827 2677 2059 2733 tantum
2091 2687 2193 2729 co-

225 2752 466 2830 piarum
497 2769 659 2826 esse,
689 2759 771 2826 ut,
805 2769 945 2813 cum
972 2769 1195 2829 magna
1224 2753 1318 2813 vis
1347 2752 1618 2816 hostium
1644 2753 1812 2815 haud
1839 2757 2057 2832 procul
2089 2755 2193 2813 ab·

226 2836 337 2909 sit,
380 2845 441 2897 et
482 2853 664 2912 quam
703 2853 853 2899 mox
893 2836 1087 2913 signis
1132 2836 1370 2899 collatis
1413 2836 1829 2900 dimicandum
1859 2837 2025 2900 sitin
2059 2837 2191 2897 dies

226 2928 565 2997 exspectet,
587 2920 923 2982 dlvidendo
949 2920 1286 2984 exercitum
1308 2921 1582 2984 minuere
1603 2930 1733 2985 tuto
1764 2920 1931 2983 vires
1953 2931 2191 2997 posset.

225 3002 412 3079 legati
438 3002 545 3065 ubi
571 3003 726 3065 haec
755 3004 1139 3078 audiverunt,
1164 3004 1386 3067 flentes
1411 3007 1493 3067 ad
1517 3022 1720 3082 genua
1742 3005 2015 3066 consulis
2047 3021 2191 3079 pro-

226 3088 573 3162 volvuntur,
604 3096 799 3160 orant,
831 3105 910 3150 ne
940 3106 1010 3151 se
1039 3089 1104 3150 in
1126 3089 1314 3150 rebus
1338 3098 1462 3151 tam
1481 3087 1742 3164 trepidis
1768 3088 2029 3149 deserat.
2067 3105 2187 3161 quo

228 3169 388 3234 enim
418 3188 517 3245 se,
548 3173 838 3248 repulsos
868 3173 947 3233 ab
974 3171 1302 3245 Romanis,
1344 3171 1582 3234 ituros?
1623 3172 1828 3231 nullos
1857 3186 1928 3232 se
1957 3170 2187 3243 socios,

227 3254 372 3315 nihil
402 3271 669 3331 usquam
696 3253 761 3315 in
788 3255 967 3317 terris
991 3254 1161 3316 aliud
1188 3254 1327 3331 spei
1364 3254 1614 3316 habere.
1670 3252 1953 3330 potuisse
1981 3271 2049 3315 se
2083 3271 2189 3313 ex-

228 3348 319 3401 tra
346 3338 410 3400 id
442 3338 782 3416 periculum
811 3356 972 3414 esse,
1005 3338 1059 3401 si
1087 3339 1395 3400 decedere
1423 3338 1576 3413 fide,
1608 3336 1664 3400 si
1693 3338 2013 3400 coniurare
2045 3355 2185 3397 cum

227 3422 447 3484 ceteris
479 3422 840 3501 voluissent.
883 3422 1066 3487 nullis
1097 3421 1297 3498 minis,
1340 3422 1527 3484 nullis
1547 3422 1848 3487 terriculis
1879 3438 1949 3484 se
1979 3437 2181 3483 motos
