2548 3950
589 196 822 257 LIBER
849 196 1088 257 xxxv.
1134 196 1519 261 CAP.4a.49.
1561 204 1635 272 [a.
1661 203 1725 256 e.
1752 204 1878 273 192]
2088 196 2210 265 217

247 348 433 427 plicis
465 349 680 425 copias
711 349 1012 425 peditum,
1057 355 1117 409 et
1141 349 1491 410 nominibus
1524 364 1774 424 quoque
1810 346 2079 425 gentium
2105 353 2213 412 vix

243 434 439 495 fando
471 434 694 494 auditis
721 433 1015 507 terrebat,
1045 432 1262 495 Dahas
1279 432 1497 493 Medos
1520 431 1980 509 Elymaeosque
2010 442 2072 495 et
2098 434 2210 495 Ca-

244 519 470 579 dusios
513 517 854 593 appellans.
918 516 1220 578 navalium
1260 532 1410 578 vero
1462 516 1811 592 copiarum,
1863 534 2019 593 quas
2062 519 2211 581 nulli

244 608 468 677 portus
492 615 716 676 capere
737 601 799 659 in
817 600 1073 662 Graecia
1095 608 1369 676 possent,
1394 600 1679 661 dextrum
1698 604 1893 662 cornu
1916 600 2209 664 Sidonios

245 693 316 746 et
349 686 604 764 TyrioS‚
655 683 970 746 sinistrum
1015 684 1283 745 Aradios
1334 692 1395 745 et
1441 699 1521 744 ex
1560 683 1921 762 Pamphylia
1950 684 2207 747 ‘Sidetas

241 778 489 843 tenere,
536 783 692 845 quas
733 776 950 843 gentes
991 768 1192 827 nullae
1219 783 1511 843 umquam
1538 783 1655 829 nec
1686 775 1815 830 arte
1842 783 1959 829 nec
1986 770 2211 832 virtute

241 853 452 914 navali
474 857 868 929 aequassent.
912 850 1035 911 iam
1057 852 1409 927 pecuniam,
1439 852 1560 911 iam
1586 851 1743 913 alios
1770 852 1913 913 belli
1942 868 2205 928 appara-

239 945 348 996 tus
377 938 606 997 referre
635 950 1166 1013 supervacaneum
1203 950 1379 995 esse:
1430 934 1593 996 seire
1631 936 1808 1010 ipsos
1851 936 2208 999 abundasse

241 1036 499 1096 semper
535 1036 685 1080 auro
725 1034 914 1095 regna
939 1018 1150 1081 Asiae.
1211 1020 1421 1093 itaque
1459 1035 1583 1081 non
1604 1024 1749 1080 ‘cuni
1778 1019 2059 1097 Philippo
2088 1037 2207 1083 nec

237 1102 586 1165 Hannibale
623 1120 754 1163 rem
795 1104 1056 1165 futuram
1097 1104 1421 1177 RomaniS,
1473 1104 1755 1180 principe
1790 1106 1983 1165 altero
2023 1106 2206 1167 unius

241 1186 510 1249 civitatis
527 1233 542 1260 ‚
588 1190 780 1249 altero
803 1186 1202 1251 Macedoniae
1227 1194 1459 1249 tautum
1483 1185 1660 1263 regni
1688 1188 1914 1249 finibus
1942 1186 2201 1264 incluso,

241 1273 361 1331 sed
413 1288 566 1331 cum·
601 1286 824 1347 magno
864 1272 1056 1331 Asiae
1105 1272 1291 1333 totius
1342 1272 1656 1348 partisque
1699 1272 1989 1348 Europae
2034 1288 2203 1349 rege.

238 1370 386 1415 eum
415 1361 645 1427 tamen,
679 1371 1046 1431 quamquam
1075 1355 1152 1415 ab
1180 1354 1408 1415 ultimis
1440 1356 1691 1416 orientis
1720 1356 1993 1417 terminis
2024 1357 2102 1417 ad
2132 1357 2203 1416 li·

236 1438 578 1500 berandam
619 1438 934 1499 Graeciam
969 1440 1204 1513 veniat,
1247 1437 1395 1499 nihil
1437 1440 1751 1515 postulare
1793 1440 1872 1499 ab
1910 1438 2198 1512 Achaeis,

237 1521 303 1581 in
353 1538 478 1598 quo
512 1523 672 1584 fides
712 1536 923 1583 eorum
962 1524 1266 1583 adversus
1303 1524 1649 1597 RomanoS,
1699 1522 1940 1598 priores
1990 1523 2201 1585 socios

237 1613 430 1681 atque
457 1606 722 1679 amicoS,
751 1607 1046 1667 laedatur.
1091 1622 1216 1670 non
1239 1607 1401 1667 enim
1426 1615 1492 1668 ut
1513 1622 1724 1669 secum
1753 1608 2057 1668 adversus
2086 1623 2199 1669 eos

235 1705 411 1750 arma
440 1690 708 1766 capiant,
750 1691 864 1751 sed
891 1696 959 1752 ut
985 1693 1182 1753 neutri
1209 1692 1366 1769 parti
1396 1706 1541 1752 sese
1569 1689 1943 1772 coniungant
1969 1700 2197 1768 petere.

237 1790 460 1849 pacem
490 1774 733 1850 utrique
763 1774 949 1849 parti,
981 1776 1150 1850 quod
1172 1775 1411 1837 medios
1436 1776 1656 1837 deceat
1673 1774 1925 1850 amima,
1958 1783 2198 1851 optent=

237 1859 402 1919 bello
433 1872 504 1917 se
533 1873 655 1918 non
684 1859 1090 1935 interponant.
1136 1860 1299 1921 idem
1328 1860 1519 1919 ferme
1561 1866 1624 1920 et
1646 1860 2003 1920 Aetolorum
2035 1861 2197 1936 lega·

235 1950 341 2002 tus
363 1940 772 2004 Archidamus
796 1942 964 2019 petit,
992 1950 1076 2018 ut,
1109 1959 1270 2019 quae
1292 1943 1577 2004 facillima
1600 1950 1663 2005 et
1684 1943 1990 2005 tutissima
2008 1953 2197 2020 esset,

239 2025 508 2100 quietem
534 2033 932 2100 praestarent,
957 2035 1469 2104 spectatoresque
1489 2027 1632 2088 belli
1654 2029 2028 2088 fortunarum
2052 2028 2200 2089 alie-

233 2125 452 2170 narum
485 2118 764 2171 eventum
794 2110 930 2172 sine
956 2112 1081 2173 ullo
1113 2111 1460 2175 discrimine
1486 2126 1690 2171 rerum
1723 2127 1973 2173 suarum
2002 2127 2195 2188 oppe-

235 2195 514 2254 rirentur.
576 2203 909 2269 provectus
950 2195 1174 2261 deinde
1214 2201 1313 2256 est
1349 2195 1811 2270 intemperantia
1850 2195 2094 2269 linguae
2132 2195 2195 2256 in

233 2276 564 2339 maledicta
613 2295 776 2340 nunc
825 2279 1225 2340 communiter
1274 2280 1687 2341 Romanorum
1735 2294 1898 2338 nunc
1947 2278 2196 2354 proprie

236 2361 437 2437 ipsius
476 2362 763 2437 Quinctii,
816 2363 1090 2438 ingratos
1131 2363 1487 2438 appellanS,
1539 2370 1601 2423 et
1639 2361 2025 2438 exprobrans
2068 2378 2195 2426 non
2307 2409 2314 2413 -

231 2445 549 2506 victoriam
584 2448 768 2509 modo
799 2447 878 2508 de
901 2446 1184 2523 Philippo
1209 2448 1288 2508 de
1311 2447 1528 2509 virtute
1547 2449 1909 2509 Aetolorum
1937 2453 2193 2522 partam,

234 2528 350 2588 sed
378 2529 557 2590 etiam
586 2533 842 2592 salutem
860 2576 876 2603 ,
908 2530 1237 2606 ipsumque
1265 2538 1329 2590 et
1354 2531 1688 2592 exercitum
1716 2547 1833 2593 sua
1852 2546 2043 2607 opera
2065 2547 2193 2591 ser*

233 2619 432 2674 vatos.
463 2629 587 2690 quo
611 2616 768 2676 enim
793 2615 958 2674 illum
981 2631 1272 2690 umquam
1294 2617 1679 2691 imperatoris
1702 2617 1972 2677 functum
1986 2614 2193 2689 officio

232 2703 422 2756 esse?
461 2699 885 2775 auspicantem
916 2698 1449 2774 immolantemque
1478 2708 1539 2760 et
1563 2706 1712 2763 vota
1739 2706 2193 2777 nuncupantem

231 2781 563 2842 sacrificuli
589 2783 746 2843 vatis
789 2784 974 2843 modo
1017 2785 1076 2843 in
1120 2784 1253 2845 acie
1292 2784 1559 2856 vidisse,
1607 2801 1745 2846 cum
1784 2786 1923 2862 ipse
1962 2799 2191 2860 corpus

228 2880 411 2933 suum
441 2881 555 2940 pro
585 2883 660 2928 eo
701 2867 839 2928 telis
869 2866 1137 2930 hostium
1179 2868 1467 2931 obiceret.
1529 2869 1733 2930 XLIX.
1795 2869 1872 2930 ad
1904 2884 1980 2930 ea
2010 2868 2193 2944 Quin-

228 2948 419 3022 etius,
451 2965 656 3012 eoram
681 2952 905 3027 quibus
925 2954 1124 3028 magis
1150 2969 1333 3028 quam
1358 2954 1527 3028 apud
1550 2970 1711 3029 quos
1733 2953 1925 3014 verba
1946 2956 2193 3026 faceret,

225 3031 437 3092 dicere
475 3035 911 3097 Archidamum
961 3037 1258 3098 rationem
1305 3036 1617 3098 habuisse.
1689 3037 1979 3096 Achaeos
2032 3036 2193 3095 enim

229 3115 426 3190 probe
455 3117 616 3179 scire
635 3122 996 3183 Aetolorum
1027 3136 1271 3181 omnem
1301 3121 1595 3180 ferociam
1622 3119 1681 3180 in
1706 3119 1942 3192 verbis,
1974 3134 2099 3178 non
2128 3119 2191 3179 in

228 3200 406 3261 raetis
436 3217 610 3276 esse,
657 3205 806 3266 etin
838 3204 1110 3264 conciliis
1145 3202 1343 3279 magis
1375 3204 1888 3278 contionibusque
1916 3218 2101 3277 quam
2129 3202 2191 3262 in

227 3283 362 3343 acie
389 3299 708 3361 apparere.
770 3287 983 3362 itaque
1020 3288 1198 3363 parvi
1227 3286 1616 3348 Achaeorum
1665 3285 2189 3359 existimationem,

229 3367 455 3442 quibus
484 3378 668 3432 notos
699 3387 844 3434 esse
873 3388 946 3433 se
976 3372 1232 3446 scirent,
1263 3371 1521 3432 fecisse=
1564 3371 1781 3446 legatis
1803 3371 1969 3446 regis
1990 3377 2051 3430 et
2082 3385 2192 3446 per

225 3463 336 3510 eos
365 3452 606 3514 absenti
633 3455 766 3530 reg-i
791 3471 931 3517 eum
953 3472 1024 3516 se
1047 3457 1331 3518 iactasse.
1378 3455 1547 3532 quod
1570 3453 1627 3516 si
1650 3453 1790 3532 quis
1815 3461 1995 3516 antea
2013 3452 2187 3530 igno·
