2548 3950
398 256 487 320 98
668 255 901 315 LIBER
927 253 1193 315 XXXIII.
1240 252 1388 312 CAP
1442 259 1524 314 17.
1556 260 1643 314 16.
1691 257 1764 324 [a.
1793 257 1866 308 U.
1899 273 1947 308 c.
1978 255 2102 323 55⁵]

405 407 653 484 quidam
682 405 875 468 Italici
904 404 1179 482 generis,
1210 403 1499 465 Leucade
1527 401 1906 476 habitantes,
1936 400 2014 460 ab
2043 416 2188 460 arce
2217 399 2380 461 mili-

402 500 495 553 tes
524 490 934 567 accepissent.
979 505 1091 550 eos
1123 496 1326 550 tamen
1356 503 1435 548 ex
1465 483 1787 560 superiore
1811 486 1950 544 loco
1983 499 2206 559 magno
2235 500 2380 546 cum

402 576 661 637 tumultu
690 574 1124 646 decurrentes,
1154 571 1289 633 acie
1319 570 1380 631 in
1412 572 1546 631 roro
1576 569 1904 640 instructa,
1932 566 2095 629 iusto
2129 569 2376 643 proelio

402 658 780 735 aliquamdiu
806 655 1102 718 Leucadii
1131 654 1572 717 sustinuerunt.
1615 650 1856 713 interim
1885 658 1945 712 et
1973 651 2162 712 scalis
2193 660 2378 730 capta

400 742 606 803 multis
657 741 811 803 locis
854 739 1129 813 moenia,
1185 746 1246 800 et
1289 754 1401 814 per
1443 747 1604 811 stra
1572 751 1709 796 em
1750 733 2027 811 lapidum
2056 751 2130 795 ac
2161 735 2376 796 ruinas

401 835 829 888 transcensum
857 822 919 884 in
947 825 1181 885 urbem.
1264 821 1512 897 iamque
1551 820 1688 896 ipse
1731 821 1968 894 legatus
2009 834 2237 894 magno
2269 837 2375 894 ag-

402 910 565 971 mine
596 909 1080 971 circumvenerat
1107 915 1475 984 pugnantes.
1523 913 1650 965 tum
1679 919 1825 979 pars
1854 901 1915 963 in
1944 902 2151 964 medio
2185 903 2372 978 caesi,

401 1011 548 1071 pars
578 993 765 1056 armis
795 991 1053 1054 abiectis
1082 991 1452 1054 dediderunt
1479 1004 1622 1050 sese
1649 985 1886 1048 victori.
1957 993 2020 1048 et
2059 987 2210 1062 post
2237 987 2371 1047 dies

400 1095 660 1156 paucoS,
688 1076 897 1138 audito
928 1075 1199 1152 proelio,
1232 1091 1356 1151 quo
1387 1076 1464 1133 ad
1499 1070 2003 1150 Cynoscephalas
2032 1079 2372 1146 pugnatum

402 1168 552 1234 erat,
582 1177 798 1222 omnes
840 1158 1228 1220 Acarnaniae
1270 1157 1488 1234 populi
1529 1157 1590 1217 in
1634 1154 1937 1216 dicionem
1968 1155 2156 1230 legati
2185 1171 2372 1216 vene·

400 1253 559 1307 runt.

366 1393 371 1398 ,
566 1329 763 1390 XVIII
805 1325 1032 1390 lisdem
1056 1325 1296 1400 diebuS,
1323 1322 1528 1386 omnia
1551 1323 1730 1384 simul
1753 1320 2084 1384 inclinante
2109 1293 2370 1397 fortuna,

400 1411 626 1475 Rhodii
672 1428 923 1489 quoque
964 1412 1047 1472 ad
1097 1409 1529 1471 vindicandam
1580 1424 1618 1469 a
1664 1404 1946 1482 Philippo
2000 1405 2372 1469 continentis

400 1496 1117 1572 regionem—Peraeam
1134 1502 1448 1556 vocant-
1467 1506 1832 1587 possessam
1855 1487 2192 1552 maioribus
2219 1491 2368 1563 suiS,

399 1579 841 1640 Pausistratum
882 1587 1229 1655 praetorem
1274 1595 1414 1640 cum
1455 1573 1821 1651 octingentis
1850 1572 2119 1636 Achaeis
2149 1574 2370 1650 pediti-

400 1665 537 1734 buS,
571 1662 733 1722 mille
764 1671 825 1723 et
852 1661 1179 1736 nongentis
1212 1663 1341 1723 fere
1369 1659 1618 1721 armatis
1641 1675 1722 1720 ex
1743 1657 1913 1718 vario
1938 1674 2168 1733 genere
2197 1658 2368 1720 auxi-

401 1747 622 1807 liorum
652 1745 949 1819 collectiS,
976 1745 1306 1816 miserunt;
1336 1743 1491 1804 Galli
1519 1750 1580 1804 et
1604 1742 1887 1805 Pisuetae
1911 1749 1972 1803 et
1993 1742 2289 1805 Nisuetae
2312 1752 2371 1804 et

398 1828 672 1891 Tamiani
715 1837 777 1890 et
818 1827 969 1889 Arei
1011 1845 1092 1888 ex
1131 1827 1345 1889 Africa
1386 1836 1446 1889 et
1485 1825 1821 1888 Laodiceni
1860 1843 1940 1886 ex
1979 1825 2134 1888 Asia
2176 1835 2368 1888 erant.

401 1930 542 1977 cum
570 1913 646 1974 iis
678 1910 879 1990 copiis
892 1911 1307 1974 Pausistratus
1333 1911 1625 1974 Tendeba
1654 1910 1715 1972 in
1741 1910 2187 1973 Stratonicensi
2218 1927 2368 1988 agro

401 2001 605 2059 locum
633 2005 1162 2094 peropportunum
1190 1996 1421 2074 ignaris
1445 1995 1650 2072 regiis,
1683 1993 1790 2073 qui
1812 2005 2153 2071 tenuerant,
2184 2012 2368 2058 occu-

400 2081 585 2159 pavit.
631 2081 693 2141 in
723 2089 1001 2158 tempore
1029 2089 1090 2143 et
1118 2082 1201 2142 ad
1228 2081 1294 2143 id
1323 2080 1526 2158 ipsum
1557 2080 1824 2142 excitum
1847 2080 2176 2154 auxilium,
2206 2080 2368 2141 mille

400 2164 633 2249 Achaei
694 2164 938 2264 pedites
992 2182 1129 2227 cum
1188 2174 1432 2227 centum
1481 2164 1790 2241 equitibus
1843 2173 2366 2241 supervenerunt·

395 2240 813 2312 Theoxenus·
796 2247 874 2312 iis
905 2259 1207 2327 praeerat.
1250 2249 1616 2310 Dinocrates
1645 2246 1854 2325 regius
1883 2250 2242 2346 praefectus
2271 2265 2366 2309 re-

399 2335 718 2412 ciperandi
769 2334 1005 2397 castelli
1056 2352 1248 2397 causa
1289 2333 1486 2410 primo
1532 2341 1734 2394 castra
1773 2333 1853 2393 ad
1894 2332 2036 2409 ipsa
2075 2332 2368 2394 Tendeba

397 2428 633 2491 movet,
691 2419 838 2479 inde
876 2418 959 2477 ad
997 2416 1281 2481 alterum
1298 2418 1647 2491 castellum,
1697 2416 1842 2478 item
1885 2416 2366 2479 Stratonicensis

398 2502 560 2577 agri:
589 2504 900 2575 Astragon
931 2510 1177 2563 vocant.
1258 2501 1670 2576 omnibusque
1699 2517 1779 2562 ex
1810 2499 2170 2577 praesidiis,
2204 2518 2364 2577 quae

396 2583 788 2644 multifariam
818 2582 1078 2644 disiecta
1108 2594 1301 2659 erant,
1331 2584 1670 2659 devocatiS,
1700 2594 1761 2646 et
1789 2585 1868 2644 ab
1895 2584 2035 2663 ipsa
2067 2584 2366 2646 Stratoni-

398 2683 511 2728 cea
536 2667 973 2728 Thessalorum
1002 2667 1434 2744 auxiliaribus,
1482 2669 1562 2730 ad
1604 2669 1959 2743 Alabanda,
2003 2668 2108 2730 ubi
2148 2669 2366 2731 hostes

396 2758 587 2823 erant,
620 2752 848 2813 ducere
878 2750 1095 2827 pergit.
1151 2768 1266 2814 nec
1295 2752 1521 2814 Rhodii
1552 2768 1822 2829 pugnam
1850 2754 2364 2815 detractaverunt.

395 2832 479 2897 ita
508 2834 730 2896 castris
760 2836 820 2894 in
853 2834 1271 2913 propinquum
1303 2836 1540 2898 collatis
1572 2838 1880 2912 extemplo
1919 2838 1981 2897 in
2018 2836 2217 2898 aciem
2259 2838 2362 2898 de-

396 2934 689 2981 scensum
732 2927 847 2980 est.
927 2918 1290 2983 Dinocrates
1335 2919 1706 2997 quingentos
1733 2920 2112 2983 Macedonas
2144 2922 2362 2983 dextro

396 3019 609 3079 cornu,
630 3003 809 3065 laevo
826 3002 1131 3078 Agrianas
1156 3008 1336 3078 locat,
1368 3003 1431 3066 in
1454 3003 1721 3066 medium
1745 3004 1986 3082 accepit
2009 3012 2362 3067 contractos

393 3104 474 3150 ex
503 3088 1193 3151 castellorum—Cares
1220 3088 1485 3150 maxime
1514 3096 1783 3150 erant—
1804 3088 2154 3165 praesidiiS,
2189 3088 2359 3166 equi-

391 3180 486 3233 tes
516 3172 806 3235 cornibus
837 3172 1174 3235 circumdat
1196 3182 1257 3235 et
1272 3170 1649 3235 Cretensium
1671 3172 2002 3235 auxiliares
2029 3172 2360 3235 Thracum·

396 3272 536 3329 que.
579 3256 807 3317 Rhodii
828 3256 1119 3319 Achaeos
1143 3258 1361 3320 dextro
1387 3272 1597 3331 cornu,
1623 3256 1870 3319 sinistro
1898 3258 2359 3320 mercennarios

396 3335 646 3410 militeS,
686 3340 905 3401 lectam
934 3341 1208 3416 peditum
1234 3358 1512 3414 manum,
1553 3303 1855 3413 habuere,
1899 3340 2141 3403 medios
2169 3342 2360 3402 mixta

394 3433 475 3474 ex
502 3419 781 3491 pluribus
809 3423 1092 3496 gentibus
1122 3424 1378 3497 auxilia,
1424 3423 1666 3501 equites
1695 3424 1980 3501 levisque
2009 3434 2358 3487 armaturae

386 3500 565 3569 quod
596 3509 757 3577 erat,
794 3505 1083 3613 cornibus
1124 3506 1598 3569 circumiectum.
1654 3524 1729 3570 eo
1763 3508 1863 3570 die
1893 3516 2198 3571 steterunt
2225 3516 2358 3573 tan
