2548 3950
319 215 403 279 48
633 212 862 272 LIBER
885 207 1121 269 XXXII.
1158 208 1327 270 CAP.
1349 216 1401 268 2.
1423 215 1477 270 3.
1500 214 1553 268 4.
1586 213 1657 280 [a.
1684 212 1753 266 U.
1777 230 1825 265 ο.
1848 213 1973 281 553]

321 383 444 429 non
489 379 632 426 esse
661 370 722 422 et
749 361 1054 422 immixtos
1087 359 1392 436 quosdam
1419 374 1543 418 non
1574 358 1669 419 sui
1696 359 1938 432 generis
1968 375 2082 434 pro
2116 362 2285 423 eolo-

320 451 416 512 nis
449 464 518 509 se
546 461 780 522 gerere,
811 460 1022 506 earum
1049 459 1254 504 rerum
1278 458 1469 503 causa
1494 442 1791 502 tresviros
1817 457 2027 502 creare
2046 443 2111 503 L.
2138 444 2267 506 Cor·

320 534 520 593 nelius
549 532 769 590 consul
796 530 1027 590 iussus.
1085 527 1270 588 creati
1298 525 1363 586 P.
1394 531 1455 586 et
1486 523 1625 586 Sex.
1656 526 1815 586 Aelii
1834 557 1923 570 -
1943 525 2143 588 Paetis
2173 530 2287 591 fuit

321 616 624 677 ambobus
668 627 1009 689 cognomen
1029 643 1116 656 -
1136 619 1197 671 et
1237 611 1342 672 Cn.
1376 608 1691 672 Cornelius
1734 609 2046 671 Lentulus.
2114 613 2285 688 quod

319 697 762 761 Narniensibus
804 698 1012 757 datum
1052 701 1208 769 erat,
1259 700 1327 754 ut
1366 695 1725 754 colonorum
1766 709 2053 756 numerus
2096 711 2283 772 auge·

320 791 504 854 retur,
539 782 601 841 id
631 781 856 842 Cosani
885 786 1164 855 petentes
1193 794 1319 839 non
1349 778 1844 853 impetraverunt.

489 865 590 925 ΙΙΙ.
629 864 842 926 Rebus
867 877 1027 938 quae
1048 863 1282 923 Romae
1304 862 1583 937 agendae
1606 867 1779 921 erant
1801 863 2105 938 perfectis,
2136 879 2283 924 con-

323 952 494 1014 sules
535 950 594 1009 in
625 947 978 1024 provincias
1012 947 1291 1022 profecti.
1354 945 1418 1006 P.
1452 945 1729 1020 Villium,
1773 946 1833 1006 in
1860 945 2287 1024 Macedoniam

323 1051 462 1096 cum
501 1035 804 1104 venisset,
849 1039 1026 1092 atrox
1067 1030 1287 1092 seditio
1316 1030 1569 1090 militum
1597 1030 1717 1088 iam
1746 1036 1887 1090 ante
1913 1029 2142 1092 irritata
2168 1047 2289 1092 nec

323 1119 473 1178 satis
502 1117 563 1176 in
595 1116 896 1192 principio
938 1129 1299 1189 compressa
1339 1114 1600 1188 excepit.
1672 1112 1796 1174 duo
1839 1113 2003 1174 milia
2030 1130 2106 1176 ea
2130 1115 2285 1176 mili-

322 1210 451 1261 turn
493 1201 695 1272 suere,
742 1214 902 1273 quae
943 1214 1022 1258 ex
1048 1198 1260 1258 Africa
1288 1204 1435 1272 post
1461 1196 1767 1258 devictum
1791 1197 2192 1258 Hannibalern
2220 1199 2287 1259 in

325 1284 623 1358 Siciliam,
666 1283 809 1344 inde
849 1299 1011 1344 anno
1054 1283 1181 1342 fere
1211 1286 1356 1356 post
1382 1280 1442 1340 in
1473 1271 1896 1342 Macedoniam
1926 1297 2039 1358 pro
2069 1284 2284 1344 volun-

319 1369 492 1430 tariis
531 1372 944 1443 transportata
985 1372 1174 1428 erant.
1244 1365 1307 1427 id
1337 1367 1651 1426 voluntate
1690 1366 1917 1426 facturn
1959 1367 2286 1442 negabant.

321 1454 401 1514 ab
429 1451 686 1514 tribunis
717 1458 1077 1513 recusantes
1108 1449 1169 1510 in
1193 1465 1385 1510 naves
1407 1449 1752 1526 impositos.
1797 1449 1913 1509 sed
1933 1456 2284 1526 utcumque,

324 1552 440 1596 seu
466 1536 736 1597 iniuncta
763 1551 877 1595 seu
906 1541 1200 1609 suscepta
1230 1533 1386 1594 foret
1406 1533 1631 1607 militia,
1663 1539 1723 1592 et
1744 1548 1879 1593 eam
1904 1533 2285 1609 exhaustam,

325 1627 387 1680 et
412 1620 595 1678 finem
625 1621 892 1694 aliquem
919 1617 1210 1678 militandi
1232 1618 1365 1678 fieri
1388 1633 1654 1692 aequum
1678 1633 1840 1678 esse.
1880 1618 2083 1678 multis
2106 1619 2287 1680 annis

326 1717 470 1762 sese
496 1702 728 1762 Italiam
755 1717 880 1762 non
908 1701 1160 1774 vidisse,
1191 1701 1598 1762 consenuisse
1626 1701 1741 1762 sub
1773 1701 1957 1762 armis
1987 1701 2047 1761 in
2078 1701 2289 1764 Sicilia

323 1787 535 1846 Africa
561 1786 939 1846 Macedonia.
987 1784 1303 1846 confectos
1332 1785 1453 1844 iam
1482 1800 1553 1844 se
1580 1785 1790 1846 labore
1820 1800 2027 1860 opere,
2060 1801 2287 1846 exsan-

325 1886 478 1945 gues
518 1877 606 1932 tot
633 1869 904 1944 acceptis
931 1867 1287 1929 vulneribus
1320 1883 1483 1929 esse.
1547 1870 1764 1930 consul
1793 1884 2042 1930 causam
2071 1876 2287 1945 postu·

325 1953 545 2014 landae
573 1952 887 2015 missionis
915 1951 1313 2029 probabilem,
1345 1952 1399 2014 si
1427 1953 1706 2015 modeste
1738 1959 2061 2029 peteretur,
2088 1953 2289 2016 videri

326 2037 508 2098 dixit:
565 2037 884 2100 seditionis
936 2052 1051 2098 nec
1094 2053 1228 2099 eam
1269 2053 1386 2098 nec
1425 2038 1611 2098 ullam
1652 2038 1833 2097 aliam
1872 2038 2021 2099 satis
2062 2039 2289 2101 iustam

325 2138 577 2182 causam
617 2138 778 2183 esse.
839 2121 1046 2198 itaque
1086 2122 1140 2182 si
1181 2136 1429 2182 manere
1466 2121 1545 2181 ad
1574 2121 1753 2196 signa
1781 2128 1841 2181 et
1870 2122 2033 2184 dicto
2066 2138 2288 2198 parere

325 2208 528 2283 velint,
557 2222 628 2267 se
657 2208 737 2267 de
763 2207 1057 2268 missione
1086 2221 1300 2267 eorum
1327 2206 1408 2265 ad
1435 2211 1714 2266 senatum
1738 2206 2123 2281 scripturum.
2152 2223 2286 2268 mo-

325 2291 523 2351 destia
551 2291 788 2353 facilius
821 2308 1006 2368 quam
1033 2290 1369 2367 pertinacia
1398 2291 1567 2365 quod
1595 2290 1783 2350 velint
1810 2289 2262 2367 impetraturos,

490 2375 592 2438 IV.
655 2374 1040 2437 Thaumacos
1090 2391 1166 2435 eo
1224 2380 1501 2449 tempore
1555 2372 1871 2450 Philippus
1928 2390 2169 2436 summa
2223 2376 2287 2435 vi

322 2458 722 2534 oppugnabat
761 2457 1088 2534 aggeribus
1128 2458 1481 2533 vineisque;
1540 2464 1601 2516 et
1640 2458 1759 2518 iam
1800 2458 2048 2519 arietem
2088 2458 2283 2521 muris

324 2541 680 2602 admoturus
734 2548 881 2600 erat.
954 2548 1222 2601 ceterum
1271 2542 1515 2616 incepto
1557 2542 1859 2603 absistere
1900 2557 2039 2603 eum
2081 2543 2287 2619 coegit

323 2624 562 2685 subitus
603 2624 962 2686 Aetolorum
1001 2624 1335 2698 adventus,
1373 2626 1476 2701 qui
1513 2625 1886 2687 Archidamo
1930 2626 2091 2688 duce
2125 2628 2285 2689 inter

323 2708 637 2768 custodias
665 2708 1071 2769 Macedonum
1111 2709 1354 2770 moenia
1394 2709 1657 2785 ingressi
1684 2726 1799 2771 nec
1828 2720 2009 2773 nocte
2037 2726 2153 2772 nec
2182 2712 2284 2773 die

321 2792 506 2851 finem
544 2793 732 2853 ullum
773 2793 1134 2867 erumpendi
1174 2808 1337 2854 nunc
1376 2794 1437 2853 in
1468 2794 1763 2855 stationes
1806 2795 2059 2857 nuncin
2090 2812 2284 2872 opera

318 2874 728 2936 Macedonum
755 2875 1074 2938 faciebant.
1141 2885 1202 2939 et
1228 2877 1557 2939 adiuvabat
1585 2894 1695 2940 eos
1726 2887 1943 2940 natura
1969 2879 2111 2955 ipsa
2138 2880 2280 2941 loci.

319 2975 588 3035 namque
625 2959 953 3020 Thaumaci
997 2976 1035 3019 a
1060 2960 1228 3039 Pylis
1271 2961 1538 3037 sinuque
1565 2962 1823 3025 Maliaco
1869 2980 1984 3039 per
2010 2963 2283 3045 Lamiam

320 3044 485 3105 eunti
524 3045 665 3105 loco
707 3045 829 3105 alto
873 3044 972 3105 siti
1002 3051 1172 3117 sunt,
1212 3046 1369 3121 ipsis
1398 3047 1677 3109 saucibus
1708 3047 2088 3110 imminentes
2120 3063 2280 3123 quas

321 3127 507 3189 Coela
544 3132 802 3199 vocant;
845 3128 1326 3205 Thessaliaeque
1363 3131 1702 3192 transeunti
1742 3132 2112 3208 confragosa
2139 3133 2282 3193 loca

321 3210 785 3289 implicatasque
828 3211 1094 3273 flexibus
1122 3214 1371 3275 vallium
1398 3214 1562 3291 vias,
1605 3215 1709 3277 ubi
1737 3222 1983 3277 ventum
2010 3216 2092 3283 ad
2120 3215 2281 3277 hanc

319 3293 529 3355 urbem
551 3302 665 3370 est,
694 3301 948 3371 repente
969 3297 1135 3360 velut
1155 3297 1341 3359 maris
1364 3299 1539 3375 vasti,
1570 3299 1661 3360 sic
1681 3299 1972 3360 universa
1994 3298 2282 3375 panditur

315 3378 630 3454 planities,
668 3388 732 3441 ut
759 3379 1072 3443 subiectos
1115 3397 1369 3457 campos
1412 3384 1737 3445 terminare
1767 3383 1961 3445 oculis
1992 3382 2159 3445 haud
2188 3384 2281 3443 fa·

317 3459 432 3519 cile
463 3478 675 3537 queas.
736 3464 813 3525 ab
843 3480 919 3527 eo
949 3466 1241 3527 miraculo
1269 3465 1597 3528 Thaumaci
1625 3468 1934 3543 appellati.
2001 3478 2115 3529 nec
2145 3464 2281 3527 alti-
