2548 3950
605 214 834 276 LIBER
854 214 1119 277 XXXHI.
1165 215 1561 280 CAP.12.13.
1607 223 1924 292 [a.·c.197]
2147 221 2230 282 93

265 365 724 442 colloquiisque
768 367 851 425 de
884 365 1353 428 condicionibus
1381 367 1556 442 pacis
1587 383 1862 444 semp-er,
1906 383 2030 428 non
2058 377 2128 430 ut
2151 372 2232 430 ad

264 449 751 512 internecionem
770 449 1117 522 bellaretur,
1141 449 1536 526 disseruisse,
1561 457 1622 512 et
1633 451 1964 525 Romanos,
1989 460 2232 528 praeter

263 532 751 596 vetustissimum
788 548 1021 592 merem
1058 534 1241 594 victis
1287 534 1614 608 parcendi,
1669 535 2068 611 praecipuum
2107 539 2230 598 cle·

264 619 533 680 montiae
572 617 1003 678 documentum
1046 617 1298 679 dedisse
1341 633 1498 692 pace
1513 617 1852 678 'Hannibali
1892 627 1952 680 et
1982 618 2229 680 Cartha·

264 701 649 778 giniensibus
681 701 849 760 data.
914 700 1193 762 omittere
1220 717 1292 762 se
1323 700 1886 776 Carthaginiensem
1927 718 2064 763 eum
2092 701 2229 762 Phi-

263 787 447 862 lippo
468 787 612 860 ipso
643 784 930 860 quot-iens
954 791 1209 846 ventum
1231 785 1295 846 in
1325 786 1741 862 colloquium?
1783 800 1899 846 nec
1920 801 2228 862 umquam,

262 877 333 928 na
360 869 609 930 cederet
624 883 836 943 regno,
870 874 1073 928 actum
1094 881 1255 931 esses
1301 884 1380 928 an
1403 871 1549 943 qnia
1567 869 1771 930 victus⁴
1790 870 2026 944 proelio
2052 871 2228 944 foret,

266 951 637 1028 inexpiabile
683 952 907 1012 bellum
962 952 1187 1012 factum
1200 959 1231 1010 ’δ
1295 966 1434 1013 cum
1487 959 1718 1012 armato
1761 951 1941 1012 hoste
1988 953 2229 1015 infestis

263 1036 491 1096 animis
508 1035 789 1095 concurri
802 1035 1060 1094 debere:
1091 1035 1394 1096 adversus
1408 1036 1605 1096 victos
1619 1035 2008 1099 mitissimum·
2018 1053 2224 1112 quem-

268 1135 393 1194 que
434 1118 711 1179 animum:
738 1118 1071 1180 maximnm
1108 1118 1357 1180 habere.
1423 1117 1681 1184 libertati
1713 1119 2004 1181 Graeciae
2030 1121 2226 1180 videri

262 1217 492 1277 graves·
527 1200 935 1262 Macedonum
970 1216 1171 1278 reges.
1246 1203 1302 1264 si
1340 1219 1596 1278 regnum
1637 1219 1920 1280 gensque
1959 1205 2222 1280 tollatur,

262 1287 534 1346 Thracas
558 1285 821 1364 illyrios,
846 1285 1053 1347 Gallos
1084 1286 1326 1359 deinde,
1355 1293 1572 1361 gentes
1603 1287 1768 1348 ieras
1789 1294 1854 1348 et
1876 1287 2222 1362 indomitaS,

262 1371 331 1428 iu
357 1368 781 1430 Macedoniam
818 1385 891 1429 se
932 1370 1081 1430 etin
1114 1369 1434 1432 Graeciam·
1455 1369 1782 1437 effusuras.
1838 1386 1918 1430 ne
1945 1371 2226 1445 proxima

265 1467 555 1529 quaeque
592 1451 937 1514 mmliendn
978 1453 1314 1515 maioribus
1343 1453 1856 1529 gravioribusque
1885 1453 2116 1514 aditum
2145 1455 2226 1514 ad

263 1553 339 1598 se
378 1537 669 1597 facerent.
738 1537 1052 1597 interfanti.
1083 1537 1306 1598 dei-nde
1331 1535 1652 1598 Phaeneae
1680 1538 1948 1612 praetori
1975 1539 2222 1614 Aetolo-

259 1637 415 1694 rum,
439 1617 929 1696 testificandique,
954 1622 1009 1680 si
1038 1623 1291 1696 clapsus
1315 1636 1390 1682 ee
1413 1627 1690 1696 tempore
1707 1621 2022 1696 Philippus
2047 1623 2221 1697 foret,

260 1719 411 1764 mox
436 1703 849 1778 graviuseum
876 1705 1340 1778 rebellaturum,
1355 1704 1674 1780 „desistite
1695 1707 2104 1777 tumultuari,“
2132 1707 2222 1765 in-

265 1788 398 1863 quit
426 1787 577 1862 „ubi
600 1787 1072 1848 consultandum
1096 1796 1210 1849 est.
1274 1805 1400 1849 non
1427 1789 1999 1851 iis·condicionibus
2029 1790 2221 1864 illiga·

257 1871 423 1932 bitur
451 1887 592 1946 pax,
622 1877 689 1930 ut
714 1886 965 1932 movere
992 1871 1216 1934 bellum
1244 1873 1506 1948 possit.“

430 1955 589 2015 xm.
628 1956 766 2017 Hoc·
792 1955 1046 2018 dimisso
1071 1957 1330 2019 coneilio
1353 1964 1604 2033 postero
1629 1955 1732 2017 die
1747 1971 1860 2017 rex
1883 1957 1964 2017 ad
1986 1957 2217 2031 fauceS,

262 2055 426 2117 quae
464 2040 673 2107 ferunt
702 2040 765 2099 in
791 2040 1127 2115 Tempe—
1144 2040 1202 2101 is
1229 2041 1409 2105 datus
1437 2048 1570 2103 erat
1593 2043 1772 2103 locus
1803 2042 2112 2117 colloquio
2136 2072 2220 2085 ——

258 2123 447 2197 venit,
470 2123 775 2184 tertio-die
795 2124 973 2184 datur
992 2124 1049 2184 ei
1062 2124 1480 2187 Romanorum
1499 2142 1574 2185 ac
1595 2125 1904 2186 sociorum
1927 2125 2220 2200 frequens

253 2208 609 2268 concilium.
650 2207 732 2267 ibi
759 2206 1079 2283 Philippus
1107 2223 1408 2283 perquam
1433 2208 1765 2283 prudenter
1791 2208 1886 2279 iis,
1917 2208 2054 2267 sine
2086 2208 2218 2283 qui·

257 2292 521 2366 buspax
540 2292 849 2369 impetrari
870 2306 1003 2352 non:
1017 2297 1276 2367 peterat,
1291 2308 1407 2352 sua
1426 2292 1631 2367 petius
1645 2290 1956 2352 voluntate
1969 2290 2218 2351 omissis

256 2390 445 2451 quam
484 2375 837 2436 altercando
878 2382 1390 2451 extorquerenmr
1403 2420 1431 2450 „
1461 2389 1621 2450 quae
1660 2373 1871 2450 priore
1909 2374 2226 2449 colloquio.

256 2466 365 2520 aut
402 2458 700 2534 imperata
740 2475 777 2519 a
816 2459 1110 2520 Romanis
1150 2467 1255 2521 aut
1292 2460 1602 2535 postulata
1638 2458 1716 2519 ab
1759 2458 1947 2519 sociis
1989 2467 2218 2532 essent,

262 2542 477 2603 mania
516 2554 594 2602 se
636 2542 1009 2614 concedere,
1069 2544 1147 2603 de
1200 2544 1422 2605 ceteris
1476 2542 1718 2603 senatui
1772 2542 2218 2618 permissurum

254 2624 429 2686 dixit.
492 2640 859 2702 qimmqnam
892 2628 999 2687 vel«
1019 2625 1454 2689 inimicissimis
1485 2626 1770 2689 omnibus
1799 2627 2216 2702 praeclusisse

251 2723 475 2769 vocem
502 2708 855 2783 videbamr,
882 2710 1201 2771 Phaeneas
1227 2718 1430 2773 tamen
1457 2710 1715 2771 Aetolus
1747 2710 1982 2773 cunctis
2009 2717 2213 2771 tacen-

250 2792 423 2853 tibus
465 2792 697 2867 „quidv
746 2794 967 2854 nobis“
1005 2795 1206 2869 inquit·
1238 2795 1586 2871 „Philippe‚
1639 2796 1935 2856 reddisne
1971 2794 2216 2855 tandem

250 2876 616 2936 Pharsalum
656 2884 719 2936 et
754 2877 1031 2937 Larisam
1060 2879 1410 2939 Cremasten
1451 2886 1510 2937 et
1545 2878 1845 2940 Echinum
1886 2886 1949 2939 et
1976 2878 2214 2938 Thebas

251 2958 589 3019 Phthias-W
632 2975 771 3022 cum
796 2960 1111 3037 Philip-pus
1142 2962 1290 3023 nihil
1319 2962 1543 3035 morari
1573 2963 1820 3037 diceret,
1860 2977 1985 3037 quo.
2013 2962 2214 3020 minus

248 3041 633 3118 reciperent,-
684 3044 1049 3120 disceptatio
1095 3046 1253 3109 inter
1301 3048 1730 3122 imperatorem
1771 3048 2112 3106 Romanum
2155 3049 2216 3101 et

250 3129 525 3189 Aetates
560 3135 695 3189 orta
720 3136 816 3188 est
843 3130 923 3189 de.
947 3130 1203 3190 'Rhebi-se
1249 3147 1392 3191 nam
1421 3146 1528 3191 eas
1559 3128 1780 3204 populi
1798 3127 2056 3189 Romani
2082 3126 2213 3185 iure

251 3211 403 3269 beili
440 3212 639 3271 &actas
680 3227 825 3273 esse
852 3212 1169 3287 Quinctius
1206 3214 1479 3288 dicebat,
1527 3213 1696 3287 quod
1724 3211 1975 3285 integris
2004 3209 2208 3279 rebuS,

250 3291 538 3356 exercitu
563 3296 640 3355 ab
672 3310 740 3355 se
773 3296 1049 3371 admota,
1082 3298 1281 3357 vocati
1309 3297 1370 3357 in
1401 3296 1752 3370 amicitiam,
1771 3311 1907 3357 cum
1937 3299 2211 3371 potestas

252 3377 449 3438 libera
489 3378 879 3440 desciscendi
922 3381 999 3442 ab
1028 3395 1173 3455 rege
1208 3387 1409 3457 esset,
1447 3381 1678 3457 regiam
1706 3380 2062 3441 societatem
2086 3378 2210 3438 Ro·

250 3476 477 3523 manae
517 3464 1043 3537 praeposuissent.
1102 3464 1420 3525 Phaeneas
1460 3472 1522 3527 et
1561 3480 1673 3541 pro
1717 3465 2018 3527 societate·
2053 3460 2218 3531 belli,
