2548 3950
379 210 506 275 250
657 209 887 271 LIBER
913 208 1180 269 XXXVI.
1225 206 1391 267 CAP.
1418 214 1507 269 33.
1529 214 1621 269 34.
1662 206 1737 283 [a.
1760 212 1835 265 U.
1858 228 1907 264 c.
1932 208 2061 285 561]

377 368 524 429 dam
551 364 879 427 habebant.
939 362 1147 438 itaque
1175 358 1539 438 praemissis
1566 375 1603 419 a
1630 356 1909 434 Philippo
1926 403 1943 434 ,
1989 357 2139 433 quia
2171 375 2373 437 spem

379 446 780 529 impetrabilis
801 444 1021 508 veniae
1045 444 1469 542 ostendebant,
1490 442 1944 518 responderunt
1963 450 2187 517 patere
2212 461 2371 519 por·

378 541 476 595 tas
515 530 666 607 regi
724 531 804 591 ad
841 530 1101 608 primum
1142 527 1279 589 eius
1317 528 1665 604 ingressum
1708 524 2053 601 principum
2098 528 2369 602 quidam

349 682 352 685 ,
378 616 531 679 urbe
562 620 984 687 excesserunt,
1013 612 1404 690 Eurylochus
1433 616 1691 672 mortem
1716 610 1835 670 sibi
1856 610 2181 671 conscivit.
2232 616 2367 671 An-

379 700 566 763 tiochi
608 698 830 759 milites
849 730 938 743 -
957 694 1050 757 sic
1091 696 1250 757 enim
1285 694 1449 771 pacti
1478 702 1755 755 erant—
1775 708 1889 768 per
1914 692 2363 756 Macedoniam

377 783 824 859 Thraciamque
862 780 1384 857 prosequentibus
1409 777 1887 853 Macedonibus,
1926 792 2007 838 ne
2048 778 2198 852 quis
2246 795 2361 840 eos

381 866 658 940 violaret,
678 864 1132 945 Lysimachiam
1153 860 1403 925 deducti
1423 869 1583 924 sunt.
1614 866 1787 921 erant
1806 868 1869 923 et
1886 876 2129 936 paucae
2151 878 2361 923 naves

313 966 319 974 ·
381 948 798 1023 Demetriade,
844 948 1068 1025 quibus
1099 952 1385 1023 praeerat
1408 943 1718 1007 Isidorus·
1774 957 1889 1005 eae
1918 961 2181 1023 quoque
2214 962 2361 1007 cum

381 1036 700 1111 praefecto
743 1050 861 1094 suo
903 1031 1196 1093 dimissae
1223 1037 1385 1092 sunt.
1448 1028 1597 1089 inde
1623 1026 1949 1124 Dolopiam
1976 1035 2039 1088 et
2064 1031 2359 1105 Aperan-

380 1116 527 1178 tiam
556 1124 620 1179 et
644 1116 1046 1177 Perrhaebiae
1081 1113 1383 1191 quasdam
1413 1112 1688 1176 civitates
1715 1110 1950 1187 recipit.

550 1199 818 1261 XXXIV.
863 1198 1020 1259 Dum
1046 1198 1202 1259 haec
1231 1214 1269 1259 a
1289 1196 1571 1273 Philippo
1599 1203 1911 1272 geruntur,
1936 1196 2004 1256 Τ.
2030 1196 2355 1271 Quinctius

382 1290 638 1359 recepta
656 1282 973 1362 Zacyntho
1003 1282 1080 1342 ab
1101 1281 1377 1341 Achaico
1407 1278 1667 1342 concilio
1689 1280 2073 1356 Naupactum
2092 1280 2355 1355 traiecit,

381 1383 550 1445 quae
583 1366 703 1429 iam
747 1382 860 1443 per
899 1366 1059 1428 duos
1100 1380 1351 1427 menses
1371 1396 1459 1409 —
1480 1364 1595 1425 sed
1634 1364 1755 1425 iam
1794 1379 1997 1440 prope
2037 1363 2355 1425 excidium

377 1458 621 1513 erat—
641 1450 1144 1527 oppugnabatur,
1184 1458 1247 1511 et
1286 1448 1341 1509 si
1370 1454 1553 1523 capta
1586 1446 1651 1508 vi
1677 1449 1865 1523 foret,
1907 1462 2093 1508 omne
2122 1464 2351 1509 nomen

381 1534 468 1595 ibi
494 1536 854 1596 Aetolorum
892 1534 972 1594 ad
999 1530 1475 1594 internecionem
1510 1531 1835 1593 videbatur
1858 1538 2207 1592 venturum.
2254 1548 2345 1593 ce·

381 1625 578 1679 terum
621 1633 992 1693 quamquam
1031 1617 1244 1677 merito
1281 1613 1471 1678 iratus
1498 1622 1632 1677 erat
1656 1616 1894 1677 Aetolis
1912 1660 1927 1687 ,
1973 1615 2146 1691 quod
2173 1616 2349 1677 solos

383 1701 768 1762 obtrectasse
796 1700 1028 1776 gloriae
1057 1715 1208 1761 suae
1222 1744 1237 1773 ,
1284 1715 1423 1761 cum
1451 1698 1737 1761 liberaret
1764 1698 2098 1774 Graeciam,
2141 1701 2349 1761 memi-

386 1790 590 1859 nerat,
632 1791 693 1845 et
720 1783 868 1843 nihil
898 1782 1257 1845 auctoritate
1286 1798 1402 1845 sua
1428 1789 1629 1845 motos
1658 1796 1835 1859 esse,
1863 1799 2005 1845 cum
2033 1800 2195 1859 quae
2224 1791 2347 1847 tum

383 1866 649 1929 maxime
676 1867 1053 1941 acciderant,
1085 1882 1309 1928 casura
1338 1880 1743 1942 praemonens
1772 1882 1811 1927 a
1836 1867 2071 1929 furioso
2100 1866 2345 1943 incepto

385 1966 498 2015 eos
550 1952 912 2027 deterreret,
967 1958 1164 2012 tamen
1205 1949 1305 2014 sui
1345 1950 1607 2014 maxime
1648 1947 1857 2028 operis
1896 1966 2044 2014 esse
2084 1951 2341 2014 credens

387 2035 626 2097 nullam.
657 2043 900 2112 gentem
937 2035 1230 2097 liberatae
1269 2035 1349 2096 ab
1391 2051 1462 2097 se
1493 2035 1784 2097 Graeciae
1828 2035 2105 2098 funditus
2134 2036 2337 2108 everti,

389 2118 784 2181 obambulare
811 2119 1020 2194 muris,
1053 2126 1120 2180 ut
1147 2118 1329 2180 facile
1347 2126 1705 2182 nosceretur
1731 2119 1809 2179 ab
1829 2118 2089 2191 AetoIiS,
2124 2118 2339 2195 coepit.

387 2203 710 2265 confestim
738 2219 778 2264 a
803 2204 1017 2280 primis
1046 2201 1412 2265 stationibus
1442 2203 1723 2280 cognitus
1751 2211 1877 2278 est,
1905 2205 2338 2279 vulgatumque

388 2302 504 2362 per
531 2303 745 2350 omnes
776 2287 1025 2351 ordines
1048 2287 1391 2362 Quinctium
1420 2303 1582 2348 esse.
1624 2286 1833 2362 itaque
1854 2303 2165 2348 concursu
2184 2287 2336 2348 facto

385 2369 664 2447 undique
692 2369 752 2432 in
782 2387 1014 2445 muros,
1045 2387 1263 2432 manus
1292 2387 1406 2446 pro
1436 2387 1509 2432 se
1532 2371 1797 2447 quisque
1825 2372 2169 2445 tendenteS,
2200 2387 2337 2432 con-

389 2462 648 2515 sonante
677 2456 945 2516 clamore
972 2455 1327 2516 nominatim
1350 2453 1690 2530 Quinctium
1714 2470 1910 2530 orare,
1937 2462 2007 2516 ut
2025 2471 2203 2531 opem
2228 2456 2336 2516 fer·

309 2601 314 2604 ,
385 2543 479 2597 ret
507 2553 582 2598 ac
611 2546 902 2600 servaret.
946 2544 1009 2599 et
1035 2546 1159 2600 tum
1186 2537 1453 2614 quidem,
1486 2555 1855 2615 quamquam
1880 2547 2230 2600 moveretur
2247 2538 2335 2599 his

385 2619 678 2696 vocibu3‚
720 2639 906 2683 manu
946 2630 1147 2683 tamen
1190 2623 1403 2684 abnuit
1444 2623 1772 2699 quicquam
1814 2623 1955 2698 opis
1987 2620 2053 2682 in
2082 2639 2156 2684 se
2182 2639 2335 2684 esse.

387 2709 657 2762 ceterum
686 2712 1014 2779 postquam
1042 2706 1122 2766 ad
1152 2708 1470 2769 consulem
1495 2705 1680 2782 venit,
1708 2712 1951 2781 „utrum
1979 2706 2227 2768 fefellit“
2253 2705 2334 2768 in·

391 2784 522 2860 quit
562 2793 689 2860 „te,
718 2785 818 2846 Μ’.
847 2786 1035 2862 Acili,
1077 2788 1225 2865 quid
1251 2796 1497 2866 agatur,
1536 2806 1617 2850 an
1646 2805 1785 2851 cum
1814 2789 1967 2852 satis
1996 2791 2332 2867 pervideas,

387 2867 535 2929 nihil
577 2867 642 2930 id
681 2884 1056 2944 magnopere
1096 2873 1176 2933 ad
1216 2889 1518 2934 summam
1544 2889 1675 2935 rem
1704 2873 2013 2950 publicam
2040 2873 2334 2952 pertinere

387 2968 612 3015 censes
625 2959 696 3012 ?“
740 2961 1020 3015 erexerat
1047 2956 1511 3032 exspectatione
1540 2959 1890 3028 consulem;
1937 2965 2001 3019 et
2024 2958 2213 3034 „quin
2234 2973 2332 3018 ex·

385 3035 662 3114 promis“
689 3037 887 3114 inquit
922 3038 1114 3114 „quid
1138 3038 1230 3100 rei
1257 3040 1416 3104 sit?“
1456 3049 1585 3102 tum
1615 3041 1930 3115 Quinctius
1959 3041 2225 3118 „ecquid
2252 3043 2331 3102 vi-

381 3121 500 3181 des
543 3129 603 3184 te
633 3121 876 3184 devicto
904 3121 1210 3186 Antiocho
1245 3123 1307 3184 in
1338 3124 1576 3186 duabus
1611 3125 1868 3187 urbibus
1910 3124 2331 3202 oppugnandis

383 3209 630 3302 tempus
657 3211 884 3280 terere,
917 3222 1056 3268 cum
1086 3207 1203 3268 iam
1233 3223 1433 3285 prope
1462 3225 1660 3269 annus
1694 3209 2101 3270 circumactus
2130 3208 2209 3270 sit
2232 3208 2332 3272 im-

387 3287 543 3360 perii
571 3285 690 3359 tui;
729 3287 1071 3364 Philippum
1101 3297 1321 3364 autem,
1354 3291 1461 3368 qui
1488 3308 1611 3354 non
1640 3291 1853 3366 aciem,
1886 3309 2011 3354 non
2034 3293 2215 3369 signa
2230 3291 2330 3354 ho-

387 3369 567 3428 stium
601 3368 767 3443 vidit,
796 3387 922 3432 non
949 3374 1149 3434 solum
1175 3373 1363 3436 urbes
1390 3376 1504 3437 sed
1533 3381 1625 3438 tot
1648 3375 1769 3436 iam
1796 3383 2029 3452 genteS,
2057 3375 2333 3438 Athama·

387 3445 550 3508 niam
569 3451 994 3514 Perrhaebiam
1017 3457 1411 3532 Aperantiam
1433 3458 1777 3537 Dolopiam,
1803 3457 1921 3536 sibi
1940 3457 2337 3528 adiunxisset
