2548 3950
547 222 768 283 LIBER
797 222 1090 283 XXXVlI.
1137 222 1303 285 CAP.
1338 232 1419 284 lo.
1449 233 1536 284 11.
1578 224 1650 299 [a.
1676 230 1743 281 c.
1774 227 1895 303 190]
2080 226 2236 293 269-

234 374 482 437 tutaret.
540 374 716 434 mittit
743 374 824 434 ad
853 388 992 433 eum
1021 372 1328 460 hominem
1357 382 1419 435 et
1446 374 1531 433 illi
1560 381 1797 448 notum,
1842 376 1949 451 qui
1976 376 2205 442 diceret

227 468 306 521 ,ct
343 474 416 521 se
441 458 817 519 Pausistrato
860 457 1220 533 patriaeque
1263 473 1415 518 suae
1456 473 1675 533 magno
1711 458 1883 533 usui,
1924 460 1978 519 si
2006 462 2204 539 liceat,

230 546 410 612 fore3
455 549 516 602 et
544 559 582 601 a
607 541 986 602 Pausistrato
1029 557 1100 601 se
1141 542 1377 604 restitui
1416 542 1479 601 in
1508 542 1765 618 patriam
1795 558 2005 619 posse.
2046 558 2205 607 ‘cum

239 642 512 702 quonam
551 626 736 686 modo
779 641 854 685 ea
891 625 1024 685 fieri
1066 633 1329 701 possent
1366 625 1765 687 mirabundus
1792 627 2203 690 Pausistratus

236 715 776 787 percunctaretur,
815 709 999 769 fidem
1042 710 1272 784 petenti
1301 710 1470 770 dedit
1502 708 1779 787 agendae
1808 716 2205 775 communiter

229 796 332 854 rei
373 800 479 853 aut
517 793 822 867 tegendae
859 792 1121 853 silentio.
1187 801 1314 854 tum
1354 793 1756 856 internuntius
1784 794 2017 871 regiam
2047 799 2203 858 clas·

237 894 376 939 sem
403 882 510 937 aut
535 884 722 937 totam
753 883 857 937 aut
883 878 1176 938 maiorem
1199 878 1333 937 eius
1364 885 1599 952 partem
1618 878 2062 957 Polyxenidam
2082 888 2203 942 tra—

226 963 504 1023 diturum
527 962 615 1021 ei:
655 959 912 1036 pretium
942 961 1090 1021 tanti
1111 960 1307 1020 meriti
1329 962 1559 1022 nullum
1580 962 1747 1022 aliud
1768 964 2000 1038 pacisci
2024 981 2228 1041 quamx

235 1046 501 1105 reditum
530 1045 592 1103 in
621 1045 896 1120 patriam.
950 1045 1304 1119 magnitudo
1334 1045 1424 1105 rei
1454 1061 1569 1107 nec
1598 1053 1665 1106 ut
1694 1046 1971 1108 crederet
1996 1064 2111 1109 nec
2139 1057 2221 1133 ut³

225 1136 672 1204 aspernaretur
693 1128 854 1187 dicta
875 1128 1080 1189 efficit.
1119 1128 1527 1189 Panhormum
1553 1128 1795 1191 Samiae
1815 1139 2013 1193 terrae
2034 1134 2201 1207 petit,

238 1212 452 1286 ibique
505 1212 584 1271 ad
618 1212 1080 1287 'explorandam
1115 1228 1247 1272 rem
1292 1229 1453 1288 quae
1496 1214 1699 1275 oblata
1740 1223 1872 1277 erat
1915 1217 2199 1277 substitit.

231 1298 402 1356 ultro
446 1296 720 1371 citroque
760 1295 954 1357 nuntii
997 1311 1282 1367 cursare;
1326 1312 1442 1357 nec
1470 1296 1629 1359 fides
1658 1305 1798 1359 ante
1826 1298 2199 1361 Pausistrato

237 1378 403 1441 facta
432 1374 551 1452 est,
576 1395 758 1455 quam
785 1394 993 1441 coram
1022 1380 1235 1441 nuntio
1263 1381 1395 1441 eius
1424 1380 1843 1458 Polyxenidas
1873 1399 1989 1444 sua
2015 1400 2202 1447 manu

227 1462 490 1539 *scripsit
525 1478 601 1523 se
645 1478 724 1525 ea
762 1479 924 1539 quae
961 1464 1272 1539 pollicitus
1314 1471 1485 1525 esset
1524 1467 1849 1538 facturum,
1894 1466 2201 1542 signoque

233 1561 356 1607 suo
385 1547 724 1622 impressas
745 1548 1002 1610 tabellas
1025 1549 1205 1609 misit.
1252 1564 1329 1609 eo
1352 1564 1501 1609 vero
1524 1549 1782 1623 pignore
1806 1552 1971 1611 velut
1993 1558 2199 1613 aucto·

227 1637 437 1692 ratum
467 1630 584 1691 sibi
615 1632 988 1706 proditorem
1012 1638 1184 1693 ratus
1214 1639 1339 1691 est=
1384 1648 1587 1709 neque
1610 1635 1767 1693 enim
1792 1649 1931 1695 eum
1954 1636 2061 1711 qui
2082 1636 2199 1697 sub

232 1729 385 1790 sege
436 1716 700 1790 viveret,
753 1716 1224 1777 commissurum
1273 1716 1499 1791 fuisse,
1549 1724 1616 1780 ut
1660 1719 1965 1779 adversus
2008 1728 2203 1781 semet

232 1803 441 1873 ipsum
470 1800 696 1860 indicia
723 1814 908 1861 manu
947 1816 1062 1861 sua
1089 1807 1309 1863 testata
1338 1801 1527 1861 daret.
1598 1802 1743 1863 inde
1769 1804 1923 1864 ratio
1953 1805 2199 1864 simula·

231 1890 342 1943 tae
381 1883 747 1959 proditionis
780 1883 1140 1960 composita.
1209 1902 1481 1946 omniurn
1508 1900 1581 1945 se
1607 1882 1811 1965 rerum
1838 1903 2199 1963 apparatum

222 1967 606 2028 omissurum
627 1968 1044 2048 Polyxenidas
1073 1970 1277 2030 dicere
1294 1970 1333 2038 ξ’
1354 1984 1479 2029 non
1499 1969 1810 2044 remigem,
1840 1987 1964 2030 non-
1988 1972 2198 2032 socios

233 2053 476 2112 navalis
497 2053 578 2112 ad
603 2054 868 2114 classem
889 2053 1226 2128 frequentis
1246 2052 1609 2128 habiturum,
1626 2054 2066 2116 subducturum
2087 2071 2200 2131 per

229 2135 684 2196 simulationem
724 2137 1040 2196 reficiendi
1076 2137 1379 2211 quasdam
1406 2153 1629 2211 naves,
1672 2139 1825 2198 alias
1855 2139 1917 2197 in
1946 2141 2191 2215 propin-

230 2235 400 2294 quos
443 2227 656 2295 portus
696 2221 1118 2293 dimissurum,
1165 2235 1399 2295 paucas
1438 2229 1579 2281 ante
1606 2223 1849 2295 portum
1876 2222 2107 2296 Ephesi
2121 2223 2197 2282 ‚in

234 2304 370 2364 salo
399 2303 762 2378 habiturum,
795 2319 970 2379 quaS‚
1002 2304 1058 2364 si
1080 2305 1250 2362 exire
1267 2319 1373 2364 res
1397 2310 1661 2379 cogeret,
1694 2303 2043 2382 obiecturus
2068 2319 2197 2364 cer-

223 2387 442 2447 tamini
483 2389 658 2448 foret.
725 2403 909 2461 quam
949 2386 1392 2462 neglegentiam
1420 2387 1863 2466 Polyxenidam
1904 2389 1967 2448 in
1996 2391 2199 2450 classe

233 2486 353 2531 sua
393 2470 738 2530 habiturum
774 2469 1188 2531 Pausistratus
1231 2471 1489 2546 audivit,
1534 2487 1670 2531 eam
1712 2472 1851 2546 ipse
1890 2475 2197 2548 extemplo

223 2553 465 2616 habuit.
537 2559 776 2628 partem
803 2554 1052 2614 navium
1080 2554 1162 2614 ad
1189 2562 1566 2617 commeatus
1594 2557 2005 2618 arcessendos
2033 2557 2197 2619 Hali-

231 2650 614 2710 carnassum,
647 2651 784 2696 cum
808 2636 875 2674 *¹⁰¹
895 2645 1130 2713 partem
1155 2637 1406 2700 Samum
1434 2640 1515 2700 ad
1543 2640 1759 2700 urbem
1786 2641 1967 2716 misit,
1994 2646 2062 2701 ut
2087 2656 2197 2715 pa-

221 2727 406 2782 ratus
447 2727 644 2794 esset,
689 2736 825 2781 cum
867 2721 1108 2797 signum
1149 2723 1552 2798 adgrediendi
1596 2741 1633 2784 a
1667 2725 1980 2801 proditore
2022 2741 2197 2786 acce·

232 2806 447 2880 pisset.
492 2804 907 2883 Polyxenidas
938 2821 1166 2882 augere
1195 2809 1540 2871 simulando
1563 2825 1865 2872 errorem=
1912 2809 2199 2870 subducit

234 2888 537 2962 quasdam
559 2899 768 2963 navae,
799 2890 952 2951 alias
981 2893 1151 2952 velut
1179 2893 1595 2956 subducturus
1620 2901 1805 2968 esset,
1835 2893 2079 2954 navalia
2100 2908 2196 2952 re-

231 2972 388 3040 ficit;
435 2973 696 3047 remiges
727 2990 806 3033 ex
837 2974 1110 3036 hibernis
1135 2993 1259 3036 non
1282 2976 1599 3053 Ephesum
1622 2979 1897 3052 arcessit,
1928 2976 2041 3037 sed
2064 2975 2193 3034 Ma·

232 3056 506 3130 gnesiam
551 3057 790 3118 occulte
833 3059 1011 3132 cogit.
1077 3060 1178 3118 XI.
1223 3061 1381 3119 forte
1410 3062 1662 3134 quidam
1682 3060 1971 3120 Antiochi
1998 3059 2192 3132 mileS‚

230 3155 378 3199 cum
405 3139 654 3202 Samum
680 3141 770 3200 rei
799 3141 1074 3215 privatae
1103 3158 1296 3202 causa
1324 3145 1625 3216 venisset,
1667 3158 1779 3218 pro
1806 3141 2195 3217 speculatore

224 3223 658 3296 deprehensus
715 3223 1036 3284 deducitur
1085 3223 1493 3285 Panhormum
1548 3225 1631 3285 ad
1682 3227 2071 3300 praefectum.
2138 3225 2189 3285 is

233 3308 678 3380 percunctanti,
733 3309 880 3382 quid
923 3307 1155 3384 Ephesi
1201 3314 1513 3384 ageretur,
1566 3310 1861 3370 incertum
1910 3316 2073 3369 metu
2114 3324 2191 3368 an

233 3405 382 3465 erga
425 3405 576 3451 suos
617 3390 784 3451 haud
829 3391 1070 3452 sincera
1108 3392 1262 3465 fide,
1308 3393 1509 3453 omnia
1538 3393 1764 3468 aperit:
1810 3395 2075 3454 classem
2101 3393 2188 3452 in-

233 3481 525 3536 structam
557 3481 954 3550 paratamque
983 3476 1042 3534 in
1075 3485 1256 3551 portu
1288 3485 1481 3551 stare,
1508 3477 1827 3551 remigium
1858 3492 2037 3537 omne
2062 3477 2189 3536 Ma-
