2548 3950
557 213 779 275 LIBER
807 215 1016 274 xxxl.
1063 215 1460 278 cAP.1o.11.
1506 217 1578 294 [a.
1604 223 1669 276 c.
1699 218 1827 296 200]
2126 228 2173 280 s

199 364 324 444 cim
356 363 726 438 substiterat,
757 363 1126 427 Placentiam
1155 365 1538 438 invaserant3
1570 374 1632 428 et
1655 367 1900 444 direpta
1920 370 2069 431 urbe
2092 387 2167 430 ac

199 465 311 526 per
339 446 492 508 iram
519 461 742 524 magna
771 465 850 509 ex
882 457 1052 524 parte
1077 449 1353 524 incensa,
1378 451 1482 510 vix
1508 451 1754 512 duobus
1780 451 2027 515 milibus
2055 455 2163 515 ho-

197 532 428 594 minum
456 531 614 594 inter
639 531 926 593 incendia
951 533 1290 610 ruinasque
1317 532 1568 608 relictiS,
1605 534 1857 598 traiecto
1886 537 2052 598 Pado
2084 539 2165 598 ad

197 617 559 678 Cremonam
587 615 997 692 diripiendam
1025 627 1303 694 pergunt.
1351 617 1591 680 vicinae
1614 618 1789 680 urbis
1812 620 2021 682 audita
2042 624 2164 682 cla-

196 702 310 761 des
343 699 610 776 spatium
641 700 880 762 colonis
923 701 1093 762 dedit
1132 703 1211 762 ad
1255 702 1633 763 claudendas
1676 710 1888 778 ponas
1929 704 2163 780 praesi-

197 784 424 860 diaque
473 800 588 861 per
635 801 846 846 muros
896 785 1319 861 disponenda,
1368 794 1438 846 ut
1488 785 1917 848 obsiderentur
1960 796 2161 850 tamen

193 867 389 945 priuS,
417 882 599 944 quam
622 878 1136 944 expugnarentur,
1163 868 1538 944 nuntiosque
1558 869 1862 931 mitterent
1882 871 1963 930 ad
1988 887 2166 946 prae-

191 961 391 1014 torem
412 951 774 1014 Romanurn.
802 952 870 1012 L.
890 951 1111 1014 Furius
1132 952 1433 1028 Purpurio
1454 959 1581 1013 tum
1601 951 1961 1029 provinciae
1986 971 2149 1030 prae.

194 1043 326 1097 erat
367 1043 570 1097 cetero
601 1053 684 1097 ex
716 1045 968 1098 senatus
1010 1036 1293 1098 consulto
1324 1035 1600 1100 exercitu
1630 1035 1887 1099 dimisso
1917 1046 2167 1113 pmeter

195 1119 472 1196 quinque
511 1118 674 1180 milia
713 1118 951 1182 socium
993 1136 1066 1181 ac
1093 1119 1291 1182 Latini
1320 1119 1616 1191 nominis3
1658 1137 1797 1182 curn
1835 1120 1914 1184 iis
1957 1121 2159 1198 copiis

191 1204 255 1263 in
289 1203 570 1279 proxima
595 1203 849 1280 regione
891 1203 1248 1278 provinciae
1287 1203 1450 1264 circa
1490 1202 1831 1267 Ariminum
1872 1206 2159 1266 substite-

189 1296 304 1348 rat.
403 1286 456 1348 is
499 1296 625 1349 tum
665 1287 906 1348 senatui
947 1287 1222 1364 scripsit,
1270 1305 1394 1363 quo
1436 1287 1499 1348 in
1541 1291 1798 1351 tumultu
1842 1289 2159 1365 provincia
2212 1339 2227 1348 .

190 1379 381 1434 esset.
453 1372 711 1432 duarum
753 1371 1160 1444 coloniarum,
1207 1388 1369 1448 quae
1400 1371 1707 1447 ingentem
1734 1371 1897 1432 illam
1926 1379 2159 1447 tempe-

193 1462 413 1516 statem
441 1453 654 1516 Punici
680 1454 826 1516 belli
853 1454 1389 1531 subterfugissent‚
1419 1457 1673 1516 alteram
1702 1463 1943 1530 captam
1974 1472 2047 1515 ac
2066 1455 2158 1514 di-

192 1546 432 1615 reptam
460 1539 539 1599 ab
568 1540 869 1611 hostibus,
900 1540 1151 1600 alteram
1181 1537 1545 1614 oppugnari.
1618 1555 1734 1599 nec
1778 1539 1840 1600 in
1882 1539 2156 1601 exercitu

194 1639 308 1685 suo
342 1621 493 1684 satis
523 1621 816 1699 praesidii
844 1621 1083 1682 colonis
1112 1621 1531 1684 laborantibus
1561 1623 1713 1696 fore,
1738 1621 1858 1684 nisi
1882 1622 2157 1700 quinque

187 1705 360 1768 milia
387 1706 624 1768 socium
656 1705 1058 1782 quadraginta
1086 1705 1331 1768 milibus
1360 1704 1629 1768 hostium
1668 1739 1752 1752 -
1786 1714 1878 1769 tot
1904 1701 2066 1768 enim
2094 1706 2158 1765 in

187 1790 380 1852 armis
407 1806 552 1852 esse
577 1821 664 1836 —-
693 1787 1054 1851 trucidanda
1082 1790 1330 1850 obicere
1360 1791 1523 1862 velit,
1556 1801 1616 1852 et
1643 1799 1809 1852 tanta
1837 1805 1953 1852 sua
1980 1789 2158 1850 clade

187 1875 312 1936 iam
362 1873 610 1936 inflatos
661 1872 907 1935 excidio
959 1873 1240 1934 coloniae
1267 1875 1586 1935 Romanae
1629 1873 1846 1952 augeri
1886 1871 2159 1936 hostium

187 1958 449 2021 animos.
515 1959 618 2021 XI.
662 1957 758 2020 his
787 1957 1002 2020 litteris
1031 1957 1300 2020 recitatis
1331 1957 1751 2031 decreverunt,
1782 1967 1849 2021 ut
1877 1957 1940 2019 C.
1962 1958 2159 2018 Aure·

187 2043 311 2106 lius
343 2046 562 2105 consul
589 2042 954 2115 exercitum,
999 2042 1099 2103 cui
1139 2042 1201 2103 in
1229 2042 1530 2103 Etruriam
1559 2045 1638 2104 ad
1670 2042 2161 2105 conveniendum

188 2127 355 2189 diem
385 2126 690 2200 edixerat,
733 2124 991 2187 Arimini
1031 2126 1247 2187 eadem
1279 2125 1378 2187 die
1408 2128 1633 2188 adesse
1662 2126 1925 2200 iuberet,
1968 2134 2029 2186 et
2056 2132 2161 2184 aut

184 2211 350 2287 ipse,
381 2210 436 2272 si
467 2226 578 2287 per
605 2210 994 2272 commodum
1023 2210 1114 2271 rei
1133 2210 1421 2285 publicae
1444 2221 1677 2286 posset,
1703 2210 1784 2269 ad
1809 2209 2159 2284 opprimen-

188 2297 338 2356 dum
353 2295 649 2356 Gallicum
676 2296 993 2357 tumultum
1017 2293 1531 2369 proficisceretur,
1560 2302 1667 2353 aut
1684 2293 1751 2351 L.
1775 2290 1957 2351 Furio
1980 2305 2161 2365 prae-

185 2378 310 2441 tori
341 2379 666 2449 scriberet,
695 2386 792 2451 ut,
824 2395 964 2439 cum
993 2379 1074 2438 ad
1104 2394 1243 2439 eum
1273 2376 1551 2451 legiones
1580 2392 1659 2437 ex
1684 2373 1927 2437 Etruria
1956 2372 2157 2435 venis·

189 2468 362 2532 sent,
401 2461 610 2523 missis
649 2462 713 2521 in
757 2461 955 2524 vicem
984 2478 1196 2523 earum
1227 2461 1501 2537 quinque
1542 2460 1785 2522 milibus
1830 2458 2161 2531 sociorum,

189 2564 356 2625 quae
399 2545 638 2608 interim
678 2545 956 2607 Etruriae
1007 2545 1319 2620 praesidio
1371 2553 1611 2616 essent,
1665 2543 2165 2621 proficisceretur

185 2630 334 2707 ipsc
363 2632 445 2693 ad
473 2629 776 2691 coloniam
805 2628 1182 2690 liberandam
1213 2628 1557 2690 obsidione.
1603 2629 1841 2705 legatos
1862 2629 2006 2689 item
2028 2624 2161 2685 mit-

187 2715 416 2776 tendos
445 2713 506 2773 in
535 2713 806 2775 Africam
837 2721 1224 2785 censuerunt,
1251 2715 1512 2775 eosdem
1550 2710 1993 2787 Carthaginem,
2020 2725 2161 2769 eos-

187 2799 333 2859 dem
362 2795 428 2857 in
451 2796 794 2859 Numidiam
824 2798 904 2858 ad
929 2796 1342 2868 Masinissam,
1371 2796 1810 2871 Carthaginem,
1838 2802 1905 2857 ut
1926 2791 2156 2856 nuntia-

186 2889 327 2942 rent
355 2881 553 2942 civem
583 2896 796 2943 eorum
814 2881 1221 2943 Hamilcarem
1243 2880 1521 2941 relictum
1545 2879 1605 2940 in
1628 2878 1838 2952 Gallia,
1869 2879 2036 2939 haud
2064 2893 2165 2936 sa-

193 2964 274 3026 tis
307 2964 469 3027 scire
499 2981 576 3027 ex
602 2964 1009 3026 Hasdrubalis
1039 2964 1212 3041 prius
1241 2980 1320 3023 an
1364 2980 1444 3025 ex
1470 2962 1753 3039 Magonis
1796 2972 2017 3038 postea
2056 2976 2161 3018 ex·

190 3047 416 3120 ercitu‚
467 3049 694 3110 bellum
736 3057 951 3110 contra
979 3049 1202 3110 foedus
1233 3050 1468 3118 facere,
1513 3046 1822 3108 exercitus
1853 3044 2165 3104 Gallorum

189 3130 610 3207 Ligurumque
654 3131 963 3194 excivisse
1005 3134 1084 3191 ad
1127 3148 1295 3192 arma
1350 3138 1563 3191 contra
1603 3127 1901 3204 populum
1940 3128 2165 3187 Roma-

191 3231 360 3277 num.
433 3232 602 3288 eum,
647 3216 701 3277 si
742 3232 868 3289 pax
911 3216 1208 3290 placeret,
1248 3213 1669 3273 revocandum
1696 3210 1817 3271 illis
1846 3217 1907 3270 et
1936 3208 2162 3270 deden-

193 3300 340 3359 dum
369 3300 607 3374 populo
634 3300 912 3361 Romano
944 3314 1107 3359 esse.
1168 3296 1345 3357 simul
1377 3294 1657 3356 nuntiare
1686 3291 1841 3355 iussi
1873 3294 2167 3369 perfugas

195 3380 312 3443 sibi
343 3399 467 3444 non
503 3381 702 3443 omnis
731 3382 1008 3443 redditos
1041 3397 1214 3449 esse,
1260 3396 1334 3440 ac
1377 3394 1658 3454 magnam
1689 3385 1923 3453 partem
1953 3392 2167 3437 eorum

193 3467 396 3541 palam
429 3464 776 3540 Carthagini
809 3465 1123 3527 obversari
1155 3462 1311 3535 dici3
1359 3478 1519 3539 quos
1552 3460 1989 3538 comprehendi
2019 3475 2165 3519 con-
