2548 3950
396 233 521 300 114
679 233 908 294 LIBER
935 231 1198 292 XXXIII.
1245 228 1410 291 CAP.
1439 236 1527 292 36.
1550 235 1637 290 37.
1685 233 1846 301 [a.U.
1864 233 2054 300 c.5561

398 396 554 461 tunt,
598 393 659 446 et
702 383 893 461 primo
939 381 1097 444 adeo
1138 381 1358 442 acriter
1399 381 1785 452 invaserunt,
1822 386 1890 440 ut
1917 381 2364 456 antesignanos

397 469 762 547 impulerint.
831 467 1001 544 quod
1028 465 1133 525 ubi
1161 465 1486 525 Marcellus
1517 463 1960 538 animadvertit,
1997 464 2252 539 verituS,
2283 481 2370 524 ne

398 554 541 615 moti
585 553 773 613 semel
816 553 1213 627 pellerentur,
1257 548 1575 611 cohortem
1602 548 1945 609 Marsorum
1989 564 2130 608 cum
2161 565 2364 624 oppo—

399 639 641 710 suisset,
676 633 949 712 equitum
967 634 1318 695 Latinorum
1348 648 1563 694 omnes
1593 639 1824 692 turmas
1853 632 1914 691 in
1942 631 2190 693 hostem
2213 631 2362 692 emi·

397 724 493 782 sit.
538 737 799 796 quorum
831 733 968 779 cum
1001 719 1232 792 primus
1256 716 1695 791 secundusque
1715 716 1979 790 impetus
1999 714 2366 776 rettudisset

396 807 752 866 inferentem
782 818 852 862 se
882 797 1167 862 ferociter
1188 801 1445 874 hostem,
1477 800 1830 861 confirmata
1851 806 1911 861 et
1931 799 2172 874 reliqua
2191 801 2360 860 acies

396 891 671 952 Romana
710 885 928 947 restitit
970 884 1191 961 primo,
1235 883 1459 944 deinde
1499 885 1675 958 signa
1715 883 1933 943 acriter
1971 881 2187 944 intulit.
2243 898 2360 942 nec

395 975 553 1033 ultra
584 969 931 1033 sustinuere
955 976 1259 1028 certamen
1281 968 1452 1041 Galli,
1482 965 1628 1043 quin
1650 974 1820 1042 terga
1839 973 2149 1027 verterent
2170 973 2360 1041 atque

320 1107 325 1112 ,
396 1057 596 1117 effuse
651 1056 945 1129 fugerent.
1012 1053 1073 1111 in
1116 1067 1190 1112 eo
1244 1051 1479 1126 proelio
1521 1065 1710 1124 supra
1752 1048 2154 1126 quadraginta
2194 1049 2361 1111 milia

398 1139 709 1198 hominum
738 1151 923 1196 caesa
941 1135 1227 1196 Valerius
1252 1135 1468 1195 Antias
1491 1133 1720 1206 scribit,
1751 1133 2100 1208 octingenta
2121 1142 2361 1209 septem

397 1223 575 1298 signa
601 1219 881 1280 militaria
910 1227 1108 1294 capta,
1138 1226 1198 1279 et
1219 1225 1514 1292 carpenta
1536 1217 1923 1292 septingenta
1943 1217 2187 1292 triginta
2210 1218 2359 1294 duo,

398 1314 457 1366 et
498 1320 722 1366 aureos
764 1311 1019 1378 torques
1059 1303 1314 1375 multos,
1357 1317 1434 1361 ex
1479 1300 1701 1376 quibus
1741 1316 1929 1362 unum
1963 1299 2168 1376 magni
2200 1316 2354 1376 pon·

400 1389 567 1450 deris
600 1387 885 1449 Claudius
928 1387 991 1446 in
1024 1385 1324 1461 Capitolio
1353 1385 1482 1445 lovi
1524 1385 1751 1446 donum
1791 1384 1852 1444 in
1891 1384 2047 1444 aede
2085 1385 2358 1460 positum

400 1475 625 1537 scribit.
674 1479 875 1532 castra
903 1486 979 1532 eo
1011 1469 1111 1530 die
1141 1468 1452 1530 Gallorum
1480 1473 1830 1543 expugnata
1859 1467 2253 1544 direptaque;
2299 1477 2354 1534 el

398 1556 649 1617 Comum
680 1555 977 1629 oppidum
1006 1561 1151 1629 post
1177 1553 1312 1614 dies
1342 1567 1576 1628 paucos
1608 1558 1870 1627 captum.
1927 1553 2183 1612 castella
2209 1550 2356 1614 inde

398 1637 847 1711 duodetriginta
888 1639 969 1697 ad
1012 1638 1328 1697 consulem
1370 1637 1743 1697 defecerunt.
1809 1635 1872 1695 id
1917 1650 2165 1711 quoque
2199 1635 2352 1698 inter

398 1721 732 1796 scriptores
776 1719 1127 1794 ambigitur,
1169 1727 1372 1778 utrum
1411 1721 1474 1778 in
1509 1718 1698 1780 Boios
1743 1719 1911 1794 prius
1953 1735 2030 1778 an
2061 1719 2357 1781 Insubres

399 1805 618 1866 consul
660 1802 995 1863 exercitum
1023 1801 1294 1875 duxerit,
1338 1802 1785 1876 adversamque
1814 1817 2118 1878 prospera
2147 1819 2358 1878 pugna

398 1885 849 1960 oblitteraverit,
873 1902 949 1945 an
971 1885 1227 1946 victoria
1250 1885 1329 1944 ad
1345 1885 1592 1946 Comum
1617 1893 1793 1962 parta
1815 1886 2153 1946 deformata
2179 1888 2362 1949 clade

398 1970 455 2031 in
488 1971 659 2032 Boiis
689 1977 947 2046 accepta
974 1969 1072 2031 sit.

563 2056 856 2115 XXXVII.
904 2053 1030 2115 Sub
1059 2053 1213 2115 haec
1242 2026 1365 2116 tam
1391 2055 1562 2114 varia
1585 2056 1828 2116 fortuna
1848 2062 2022 2129 gesta
2042 2056 2108 2115 L.
2132 2056 2355 2117 Furius

395 2139 691 2215 Purpurio
722 2140 873 2197 alter
902 2138 1116 2199 consul
1148 2152 1259 2213 per
1287 2137 1507 2198 tribum
1531 2137 1880 2213 Sapiniam
1865 2155 1922 2197 m
1948 2139 2137 2201 Boios
2166 2141 2362 2200 venit.

394 2223 512 2283 iam
544 2229 745 2284 castro
774 2222 998 2288 Mutilo
1017 2222 1568 2297 appropinquabat,
1601 2237 1740 2283 cum
1767 2222 2028 2295 verituS,
2061 2238 2140 2283 ne
2167 2224 2352 2284 inter·

395 2308 742 2368 cluderetur
785 2306 987 2367 simul
992 2322 1029 2365 a
1056 2306 1223 2367 Boiis
1252 2305 1731 2382 Liguribusque,
1775 2306 2105 2366 exereitum
2135 2310 2354 2369 eadem

395 2390 493 2450 via
536 2408 658 2467 qua
686 2390 1029 2450 adduxerat
1062 2390 1331 2460 reduxit,
1377 2398 1438 2450 et
1465 2404 1685 2464 magno
1718 2390 1971 2451 circuitu
2003 2406 2115 2465 per
2141 2399 2356 2467 aperta

394 2488 596 2547 eoque
637 2481 765 2534 tuta
803 2474 940 2532 loca
981 2474 1061 2532 ad
1102 2474 1398 2547 collegam
1443 2473 1734 2548 pervenit.
1809 2472 1951 2535 inde
1991 2472 2215 2535 iunctis
2246 2491 2352 2535 ex-

394 2556 678 2615 ercitibus
705 2554 964 2630 primum
987 2555 1274 2616 Boiorum
1299 2572 1511 2631 agrum
1531 2572 1732 2634 usque
1754 2557 1832 2617 ad
1845 2558 2150 2618 Felsinam
2174 2560 2351 2635 oppi-

394 2640 538 2697 dum
573 2640 940 2713 populantes
983 2648 1482 2715 peragraverunt.
1551 2654 1626 2699 ea
1653 2640 1800 2701 urbs
1832 2648 2158 2716 ceteraque
2188 2643 2353 2703 circa

394 2722 645 2781 castella
673 2728 734 2781 et
752 2721 887 2781 Boii
913 2723 1037 2783 fere
1062 2738 1278 2784 omnes
1300 2731 1542 2799 praeter
1563 2724 1952 2799 iuventutem,
1985 2742 2146 2800 quae
2168 2742 2350 2802 prae·

392 2804 578 2863 dandi
621 2820 808 2865 causa
846 2806 907 2865 in
948 2806 1134 2867 armis
1164 2814 1563 2868 erat—tunc
1591 2808 1650 2868 in
1684 2808 1896 2869 devias
1927 2809 2116 2872 silvas
2145 2825 2350 2871 reces-

390 2894 653 2946 serat—
675 2888 733 2947 in
761 2889 1127 2951 deditionem
1151 2898 1466 2954 venerunt.
1505 2893 1564 2951 in
1587 2891 1842 2967 Ligures
1867 2891 2008 2953 inde
2030 2894 2348 2955 traductus

390 2972 713 3033 exercitus.
756 2972 891 3033 Boii
920 2974 1340 3049 neglegentius
1372 2982 1650 3036 coactum
1673 2991 1888 3050 agmen
1910 2977 2348 3051 Romanorum,

388 3055 535 3131 quia
561 3056 678 3131 ipsi
703 3058 918 3132 procul
940 3058 1165 3119 abesse
1191 3059 1558 3132 viderentur,
1575 3059 1908 3134 improviso
1935 3060 2349 3136 adgressuros

386 3156 459 3199 se
486 3140 597 3200 rati
644 3156 753 3215 per
794 3142 1069 3203 occultos
1099 3143 1294 3203 saltus
1327 3142 1524 3202 secuti
1551 3151 1709 3204 sunt.
1775 3159 1934 3217 quos
1963 3160 2089 3205 non
2119 3146 2345 3221 adaptet,

370 3222 553 3282 'Pado
605 3231 855 3299 repente
907 3225 1167 3286 navibus
1218 3226 1469 3286 traiecto
1518 3226 1756 3287 Laevos
1797 3226 2155 3303 Libuosque
2208 3246 2348 3290 cum

390 3312 865 3380 pervastassent,
892 3308 1221 3369 redeuntes
1244 3308 1390 3367 inde
1413 3324 1525 3383 per
1542 3309 1830 3385 Ligurum
1852 3317 2164 3375 extremos
2187 3312 2348 3373 fines

388 3401 527 3443 cum
567 3389 789 3459 agresti
832 3390 1063 3486 praeda
1100 3392 1162 3451 in
1190 3406 1409 3467 agmen
1440 3393 1712 3454 incidunt
1737 3394 2096 3457 Romanum.
2163 3412 2349 3472 proe-

378 3465 532 3523 lium
580 3468 865 3529 celerius
890 3473 1219 3548 aeriusque
1260 3476 1683 3552 commissum,
1737 3493 1918 3551 quam
1967 3478 2022 3539 si
2064 3486 2352 3556 tempore

2521 1811 2524 1958 1

2519 2064 2522 2221 l

2517 2302 2520 2483 1

2515 2600 2518 2744 ι
