2548 3950
345 232 471 299 sco
615 232 845 292 LIBER
872 230 1196 291 xxxv-m.
1241 229 1408 291 cAP.
1437 236 1524 291 44.
1547 237 1637 296 45.
1664 230 1736 307 [a
1761 235 1831 285 U.
1857 251 1906 287 0.
1929 230 2057 307 565]

345 383 425 443 ad
454 382 668 443 aedem
690 380 983 440 Bellonae
1012 378 1190 439 datus
1220 386 1404 451 essct,
1435 378 1662 453 etipse
1689 380 2180 441 commemoratis
2209 398 2306 442 reu

344 466 460 527 bus
491 464 567 523 ab
598 478 669 524 se
702 463 895 539 gestis
923 463 1330 539 postulasset,
1373 468 1440 523 ut
1467 462 1550 523 ob
1577 474 1686 523 eas
1715 462 1840 523 diis
1861 462 2305 526 immortalibus

343 547 543 613 honos
572 543 901 607 haberetur
929 546 1171 622 sibi-que
1198 544 1588 621 triumphanti
1609 545 1826 605 urbem
1847 544 2054 607 invehi
2073 548 2308 623 liceret,

346 630 847 693 contradixerunt
883 645 1031 706 pars
1070 629 1264 690 maior
1307 630 1522 690 decem
1553 630 1888 703 legatorum
1923 630 2028 703 qui
2059 646 2199 691 cum
2229 645 2302 693 ee

342 716 611 789 fuerant,
656 720 717 773 et
756 722 895 775 ante
938 713 1089 775 alios
1129 713 1195 772 L.
1226 712 1448 794 Furius
1477 711 1780 787 Purpurio
1819 720 1881 773 et
1903 712 1970 773 L.
2007 714 2308 775 Aemilius

342 798 587 861 Paulus,
644 796 825 875 XLV.
866 798 1102 872 legatos
1150 812 1294 857 sese
1329 797 1432 857 Cn.
1461 796 1696 855 Manlio
1734 796 1910 857 datos
1951 797 2126 871 pacis
2165 812 2304 858 cum

342 880 651 944 Antiocho
684 880 1003 941 faciendae
1036 893 1253 954 causa,
1286 880 1680 955 foederisque
1709 880 1940 954 legum,
1973 890 2139 954 quae
2163 895 2303 941 cum

342 964 411 1025 L.
438 964 728 1042 Scipione
755 964 1079 1027 inchoatae
1111 964 1392 1037 fuissent,
1423 962 1954 1039 perficiendarum.
1999 964 2104 1023 Cn.
2132 964 2300 1023 Man-

338 1048 487 1111 lium
528 1064 767 1109 summa
808 1049 929 1125 o'pe
968 1046 1333 1121 tetendisse,
1375 1053 1444 1107 ut
1469 1062 1605 1108 eam
1639 1056 1860 1123 pacem
1901 1046 2200 1120 turbaret,
2243 1056 2314 1109 et·

338 1131 727 1206 Antiochum,
760 1132 942 1194 sisui
970 1136 1336 1207 potestatem
1377 1130 1654 1203 fecisset,
1686 1130 1926 1191 insidiis
1957 1130 2302 1205 exciperem
2357 1186 2364 1193 .

341 1217 455 1275 sed
494 1216 661 1278 illum
706 1215 951 1291 cognita
991 1209 1209 1279 fraude
1236 1214 1542 1289 consum,
1588 1228 1728 1275 cum
1755 1227 1953 1290 saepe·
1977 1214 2306 1290 colloquiis

338 1298 543 1375 petitis
575 1304 856 1377 captatus
888 1304 1073 1373 esset,
1102 1314 1227 1360 non
1256 1309 1660 1373 congressum
1690 1298 1876 1359 modo
1899 1297 2014 1357 sed
2036 1313 2298 1372 conspe·

342 1389 503 1443 ctum
526 1382 708 1443 etiam
731 1382 865 1445 eius
890 1383 1139 1443 vitasse.
1182 1382 1534 1456 cupientem
1550 1380 1812 1442 transire
1830 1381 2096 1441 Taurum
2119 1394 2302 1456 aegre

340 1467 605 1527 omnium
628 1470 965 1541 legatorum
992 1465 1296 1541 precibus,
1329 1480 1408 1525 ne
1429 1464 1800 1525 carminibus
1826 1463 2101 1543 Sibyllae
2127 1478 2300 1539 prae-

340 1549 563 1611 dictam
592 1550 1026 1625 superantibus
1056 1548 1350 1609 terminos
1379 1548 1578 1610 fatalis
1608 1547 1844 1607 cladem
1875 1546 2146 1623 experiri
2173 1548 2296 1607 vel·

336 1634 447 1706 let,
490 1640 790 1694 retentum
834 1634 1126 1695 admosse
1164 1638 1368 1693 tamen
1407 1631 1772 1707 exercitum,
1817 1638 1882 1692 et
1917 1646 2120 1707 prope
2145 1631 2300 1707 ipsis

335 1714 496 1791 iugis
538 1719 618 1776 ad
660 1716 922 1777 divortia
960 1732 1257 1791 aquarum
1295 1722 1498 1775 castra
1524 1714 1836 1789 posuisse.
1907 1729 2047 1775 cum
2067 1714 2154 1776 ibi
2171 1715 2302 1779 nul-

336 1798 458 1858 lam
474 1794 623 1861 belli
650 1813 901 1859 eausam
940 1799 1241 1859 inveniret
1283 1798 1742 1873 quiescentibus
1783 1798 2000 1873 regiis,
2045 1799 2294 1859 circuni-

340 1882 547 1957 egisse
574 1883 909 1944 exercitum
938 1882 1017 1941 ad
1048 1880 1516 1955 Gallograecos,
1547 1882 1646 1942 cui
1676 1881 1908 1942 nationi
1937 1898 2062 1942 non
2093 1896 2178 1941 ex
2203 1895 2298 1941 se-

338 1972 518 2028 natus
547 1966 935 2041 auctoritate,
974 1982 1099 2027 non
1127 1963 1342 2041 populi
1371 1964 1552 2026 iussn
1576 1965 1802 2026 bellum
1830 1966 2093 2027 illatum=
2135 1965 2299 2042 quod

342 2065 523 2124 quem
551 2067 841 2125 umquam
877 2050 955 2110 de
986 2065 1099 2111 sua
1127 2049 1429 2110 sententia
1457 2049 1660 2110 facere
1689 2056 1954 2110 ausum?
2011 2047 2298 2110 Antiochi

335 2131 602 2208 Philippi
628 2133 986 2194 Hannibalis
1018 2140 1079 2194 et
1102 2129 1450 2194 Poenorum
1476 2132 1902 2194 recentissima
1933 2133 2098 2194 bella
2126 2147 2297 2194 esse=

340 2215 418 2276 de
462 2216 747 2278 omnibus
786 2215 883 2276 his
928 2217 1278 2278 consultum
1316 2223 1623 2290 senatmn,
1677 2218 1976 2292 populum
2018 2217 2298 2289 iussisse,

338 2315 531 2375 saepe
580 2301 816 2376 legatos
860 2307 1001 2360 ante
1035 2298 1296 2373 missoS,
1340 2315 1442 2359 res
1481 2301 1792 2374 repetitas,
1834 2308 2152 2377 postremo
2196 2297 2298 2375 qui

337 2383 563 2444 bellum
586 2382 926 2444 indicerent
944 2381 1185 2445 missos,
1236 2381 1429 2458 „quid
1451 2398 1682 2456 eorum,
1717 2383 1822 2444 Cn.
1845 2383 2050 2458 Manli,
2074 2385 2298 2444 factum

336 2473 449 2540 cst,
484 2473 549 2527 ut
576 2465 741 2528 istud
770 2465 1084 2541 publicum
1110 2465 1327 2542 populi
1347 2467 1607 2527 Romani
1635 2467 1864 2528 bellum
1891 2473 1954 2526 et
1979 2483 2107 2528 non
2128 2475 2296 2528 tuum

337 2549 638 2624 privatum
690 2548 1073 2616 latrocinium
1128 2550 1475 2611 ducamus?
1541 2556 1604 2610 at
1657 2565 1732 2612 eo
1782 2551 1924 2626 ipso
1975 2557 2296 2612 contentus

337 2633 537 2702 fuisti3
600 2641 787 2694 recto·
814 2633 1027 2695 itinere
1072 2633 1301 2693 duxisti
1341 2634 1673 2693 exercitum
1713 2634 1794 2694 ad
1835 2650 1946 2694 eos
1987 2649 2155 2710 quos
2194 2627 2298 2694 tibi

336 2716 533 2776 hostis
559 2715 1028 2789 desumpseras=
1059 2732 1134 2776 an
1160 2733 1272 2791 per
1294 2732 1507 2777 omnes
1531 2719 1862 2780 amfractus
1883 2717 2138 2792 viarum,
2164 2731 2294 2778 cum

338 2799 417 2858 ad
446 2798 609 2857 bivia
652 2798 1057 2872 consistereS,
1099 2807 1165 2859 ut
1195 2814 1319 2874 quo
1350 2798 1632 2860 flexisset
1658 2815 1878 2876 agmen
1906 2803 2150 2862 Attalus
2178 2800 2295 2860 Eu·

336 2880 533 2942 menis
576 2881 787 2954 frater,
830 2896 905 2942 eo
947 2883 1163 2941 consui
1202 2883 1660 2944 mercennarius
1701 2899 1838 2944 cum
1875 2884 2150 2944 exercitu
2176 2884 2291 2942 Ro-

337 2981 519 3026 mano
566 2964 917 3043 sequereris
934 3011 950 3040 ,
989 2963 1251 3026 Pisidiae
1280 2965 1756 3043 Lycaoniaeque
1785 2973 1845 3028 et
1870 2966 2179 3046 Phrygiae
2204 2979 2292 3025 re-

335 3064 556 3111 cessus
582 3049 778 3110 omnis
801 3056 986 3123 atque
1006 3051 1269 3126 angulos
1294 3048 1652 3126 peragrasti,
1677 3052 1898 3126 stipem
1920 3049 2294 3130 abtyrannis

336 3132 812 3209 castellanisque
834 3133 1031 3196 deviis
1056 3133 1352 3210 colligens
1365 3139 1396 3192 ‘e
1424 3134 1572 3210 quid
1593 3134 1754 3194 enim
1774 3135 1884 3196 tibi
1907 3151 2048 3195 cnm
2065 3133 2292 3196 Oroan-

339 3214 477 3275 dis?
506 3215 654 3292 quid
685 3231 824 3276 cum
853 3217 989 3295 aliis
1017 3231 1217 3292 aeque
1239 3217 1508 3278 innoxiis
1533 3218 1818 3294 populis?
1845 3219 2073 3279 bellum
2094 3225 2292 3278 autem

334 3296 556 3372 ipsum,
590 3299 763 3359 cuius
786 3299 1029 3362 nornine
1051 3299 1419 3374 triumphum
1443 3303 1619 3378 petis,
1652 3316 1775 3378 quo
1798 3301 1986 3364 modo
2007 3299 2296 3378 gessistir

337 3377 475 3441 Ioco
518 3397 750 3456 aequo,
788 3387 1065 3458 tempore
1105 3389 1211 3443 tuo
1251 3382 1582 3458 pugnasti?
1616 3393 1682 3446 tu
1713 3401 1860 3445 vero
1888 3393 2056 3446 recte
2083 3393 2152 3444 ut
2179 3383 2291 3450 diis

336 3459 777 3524 immortalibus
806 3464 1008 3525 honos
1036 3463 1336 3526 habeatur
1369 3469 1668 3544 postulas,
1698 3469 1960 3544 primum
1991 3468 2162 3544 quod
2177 3480 2290 3550 pro
