2548 3950
289 219 412 283 104
557 219 790 280 LIBER
816 217 1080 278 XXXIII.
1127 217 1293 277 CAP.
1322 224 1409 278 24.
1440 227 1529 278 25.
1572 223 1644 290 [a.
1670 221 1745 274 u.
1768 239 1815 276 c.
1837 208 1967 291 aas]

281 373 553 437 hostium
583 368 920 432 exercitum
947 371 1154 430 fusum
1182 369 1600 444 fugatumque.
1664 361 1783 429 hae
1811 368 2047 430 litterae
2074 363 2258 446 prius

280 458 343 520 in
375 464 592 519 senatu
635 448 672 515 a
715 451 930 530 Sergio
973 460 1291 530 praetore,
1344 449 1569 513 deinde
1611 469 1693 512 ex
1733 452 2097 514 auctoritate
2140 473 2254 530 pa

280 550 440 605 trum
469 539 532 600 in
565 538 852 601 contione
881 543 1025 599 sunt
1041 535 1365 608 recitatae,
1396 543 1459 598 et
1481 535 1567 597 ob
1582 531 1692 598 r'es
1711 531 2017 612 prospere
2039 547 2255 614 gestas

280 625 344 688 in
386 623 520 686 dies
645 621 830 698 ‘nque
861 619 1352 698 supplicationes
1394 611 1699 682 decretae.
1782 619 1958 682 brevi
1992 629 2138 696 post
2164 623 2255 684 le-

281 707 407 787 gati
436 715 498 769 et
524 641 662 768 aglu
629 707 693 766 Τ
727 704 1006 786 Quinctio
1039 711 1099 766 et
1127 704 1204 764 ab
1233 719 1403 802 rege·
1422 703 1705 782 Philippo
1736 713 2057 766 venerunt.
2121 706 2257 766 Ma-

280 787 560 855 cedones
607 781 857 851 deducti
907 795 1082 850 extra
1129 780 1345 851 urbem
1385 787 1447 848 in
1490 787 1697 849 villam
1744 786 2095 866 publicam,
2136 789 2257 850 ibi-

283 892 406 954 que
449 869 542 936 e'is
586 865 762 936 locus
807 881 867 934 et
907 872 1098 934 lautia
1138 868 1445 950 praebita3
1502 879 1562 934 et
1600 870 1685 934 ad
1708 873 1929 935 aedem
1955 871 2257 942 Bellonae

281 968 535 1022 senatus
567 958 779 1032 datus;
824 956 908 1018 ibi
935 957 1104 1017 haud
1132 959 1323 1020 multa
1348 956 1539 1018 verba
1569 956 1758 1031 sacta,
1793 972 1932 1018 cum
1960 951 2255 1018 Macedo-

278 1037 413 1127 nes',
447 1043 884 1119 quodcumque
915 1041 1170 1102 senatus
1200 1031 1579 1116 censuisset,
1618 1039 1681 1103 id
1709 1054 1920 1120 regem
1947 1041 2255 1102 facturum

279 1144 425 1190 esse
456 1126 748 1189 dicerent
838 1126 1054 1186 decem
1082 1124 1266 1202 leg'ati
1297 1139 1469 1187 more
1494 1124 1824 1199 maiorum,
1876 1139 2138 1200 quorum
2168 1137 2259 1186 ex

282 1209 543 1272 consilio
566 1209 631 1270 T.
656 1193 973 1284 Quinctius
999 1207 1333 1284 imperator
1355 1210 1527 1285 leges
1550 1209 1728 1285 pacis
1748 1204 2032 1284 Philippo
2056 1209 2257 1284 daret,

278 1293 540 1368 decreti,
572 1287 1038 1371 adiectumque,
1067 1293 1136 1354 ιιι
1161 1291 1223 1353 ιιι
1255 1297 1331 1354 eo
1364 1308 1617 1354 numero
1648 1290 1988 1369 legatorum
2014 1291 2255 1352 P.Su1-

276 1377 480 1456 picius
512 1385 574 1439 et
597 1377 662 1436 P.
690 1375 914 1438 Villius
945 1383 1190 1450 essent,
1235 1376 1345 1454 qui
1386 1377 1679 1438 consules
1708 1375 2093 1452 provinciam
2119 1377 2255 1436 Ma-

280 1461 606 1524 cedoniam
638 1451 1067 1524 obtinuissent.
1135 1460 1397 1522 Cosanis
1425 1477 1501 1522 eo
1534 1459 1635 1521 die
1663 1459 2151 1536 postulantibus,
2182 1468 2259 1522 ut

278 1545 398 1606 sibi
428 1547 790 1606 colonorum
818 1561 1110 1607 numerus
1153 1548 1508 1621 augeretur,
1554 1544 1721 1605 mille
1760 1542 2032 1606 adscribi
2074 1543 2255 1620 iussi,

279 1629 426 1690 dum
453 1644 532 1689 ne
563 1628 702 1704 quis
745 1627 808 1687 ιιι
851 1645 926 1688 eo
957 1643 1212 1689 numero
1257 1636 1457 1704 esset,
1502 1627 1607 1706 qui
1634 1635 1781 1704 post
1805 1627 1867 1688 P
1904 1627 2255 1690 Cornelium

279 1723 342 1773 et
367 1711 454 1773 Ti.
487 1709 920 1786 Sempronium
949 1709 1242 1773 consules
1270 1713 1469 1774 hostis
1502 1708 1739 1774 fuisset.

443 1794 631 1856 XXV.
673 1793 831 1855 Ludi
869 1792 1130 1864 Romani
1175 1812 1250 1856 eo
1295 1809 1455 1858 anno
1499 1796 1561 1856 in
1606 1792 1775 1858 circo
1824 1807 2140 1872 scenaque
2168 1795 2255 1858 ab

279 1867 584 1942 aedilibus
628 1879 974 1954 curulibuS,
1013 1879 1078 1938 P.
1111 1879 1393 1942 Cornelio
1438 1877 1732 1964 Scipione
1775 1889 1837 1942 et
1878 1881 1985 1941 Cn.
2017 1879 2254 1941 Manlio

279 1963 592 2040 Vulsone,
641 1972 702 2025 et
741 1960 1234 2039 magnificentius
1288 1979 1476 2056 quam
1514 1959 1667 2027 alias
1714 1964 1885 2041 facti,
1938 1975 2000 2029 et
2027 1963 2255 2026 laetius

280 2056 537 2125 propter
563 2064 666 2109 res
694 2047 858 2109 bello
889 2048 1050 2109 bene
1078 2040 1291 2125 &estas
1321 2044 1599 2125 spectati,
1631 2047 1868 2125 totique
1896 2058 1991 2111 ter
2016 2045 2257 2110 instau-

279 2132 415 2194 rati.
499 2129 707 2209 plebei
750 2130 1028 2209 septiens
1068 2130 1409 2195 instaurati.
1490 2134 1592 2193 M.
1633 2132 1870 2194 Acilius
1914 2132 2157 2193 Glabrio
2190 2141 2259 2195 et

281 2218 344 2277 G.
383 2216 632 2278 Laelius
674 2231 787 2280 eos
828 2213 1011 2277 ludos
1056 2208 1365 2301 fecerunt,
1410 2224 1471 2278 et
1512 2218 1589 2277 de
1631 2216 1885 2293 argento
1915 2215 2258 2279 multaticio

278 2299 393 2361 tria
435 2299 615 2378 signa
655 2317 881 2375 aenea,
925 2288 1210 2362 Cererem
1236 2263 1651 2376 Liberumque
1694 2306 1755 2362 et
1782 2300 2094 2373 Liberam,
2136 2314 2257 2376 po-

280 2393 553 2447 suerunt.

445 2465 514 2527 L.
543 2466 764 2529 Furius
793 2475 856 2528 et
879 2466 962 2526 M.
1009 2466 1298 2528 Claudius
1339 2462 1669 2529 Marcellus
1713 2466 2039 2532 consulatu
2076 2466 2260 2545 inito',

279 2567 419 2613 cum
449 2552 527 2609 de
555 2549 897 2627 provinciis
927 2558 1212 2625 ageretur
1240 2558 1302 2612 et
1328 2551 1563 2612 Italiam
1589 2550 1835 2629 utrique
1863 2551 2257 2628 provinciam

279 2639 534 2705 senatus
565 2628 942 2711 decerneret,
970 2638 1038 2694 ut
1063 2630 1495 2731 Macedoniam
1526 2652 1665 2697 cum
1691 2632 1863 2698 Italia
1886 2635 2258 2699 sortirentur

277 2712 630 2782 tendebant.
683 2704 1014 2778 Marcellus
1044 2714 1406 2794 provinciae
1436 2716 1720 2798 cupidior
1748 2718 1969 2819 pacem
1999 2720 2257 2781 simula-

278 2807 400 2863 tam
441 2816 516 2861 ac
558 2792 838 2864 fallacem
882 2800 1179 2877 dicendo,
1224 2810 1286 2864 et
1322 2802 1788 2879 rebellaturuni,
1840 2804 1895 2867 si
1936 2804 2257 2867 exercitus

273 2884 420 2946 inde
453 2885 811 2961 deportatus
842 2894 1030 2959 esset,
1062 2902 1270 2961 regem
1300 2888 1525 2950 dubios
1555 2889 1897 2951 sententiae
1918 2896 2127 2965 patres
2158 2889 2255 2949 fe·

275 2964 463 3031 cerat.
512 2978 572 3029 et
602 2963 857 3043 forsitan
890 2932 1259 3031 obtinuisset
1288 2974 1539 3047 consul,
1582 2972 1645 3033 ni
1676 2972 1743 3047 Q.
1772 2970 2043 3034 Marcius
2072 2972 2257 3033 Ralla

275 3060 338 3117 et
367 3053 430 3115 C.
462 3036 708 3115 Atinius
735 3049 943 3115 Labeo
975 3053 1200 3116 tribuni
1229 3054 1431 3131 plebis
1460 3073 1530 3118 se
1565 3056 2023 3119 intercessuros
2052 3054 2254 3117 dixis-

275 3143 432 3211 sent,
464 3136 526 3198 ni
554 3136 746 3216 prius
757 3136 880 3215 ipsi
910 3139 991 3198 ad
1017 3138 1266 3215 plebem
1290 3138 1593 3215 tulissent,
1623 3142 1855 3202 vellent
1884 3136 2256 3202 iuberentne

275 3220 416 3283 cum
444 3238 591 3297 rege
617 3218 900 3297 Philippo
932 3238 1152 3297 pacem
1180 3238 1344 3284 esse.
1389 3240 1465 3284 ea
1492 3221 1730 3301 rogatio
1761 3222 1821 3284 ιιι
1841 3222 2139 3300 Capitolio
2164 3224 2257 3285 ad

273 3306 519 3383 plebem
558 3306 682 3366 lata
723 3314 838 3365 est.
922 3320 1140 3367 omnes
1183 3305 1460 3403 quinque
1500 3315 1561 3369 et
1594 3302 1841 3383 triginta
1880 3305 2123 3381 tribuS,
2128 3306 2257 3380 ,uti

271 3395 502 3463 rogas“
533 3384 864 3449 iusserunt.
909 3382 970 3450 et
999 3386 1124 3465 quo
1153 3389 1351 3465 magis
1380 3407 1599 3466 pacem
1626 3399 1821 3451 ratam
1849 3406 1995 3453 esse
2025 3390 2086 3451 ιιι
2108 3353 2255 3451 Μα-

273 3469 538 3532 cedonia
559 3486 600 3529 ι
605 3464 746 3547 ιιιὲο
771 3471 1157 3543 laetarentur,
1182 3472 1374 3535 tristis
1400 3491 1482 3535 ex
1500 3473 1803 3553 Hispania
1822 3475 2065 3537 adlatus
2087 3488 2257 3535 nun-
