2548 3950
654 209 884 270 LIBER
906 208 1143 272 XXXII.
1191 211 1355 270 CAP.
1378 218 1429 273 7.
1476 219 1547 286 [a.
1574 219 1635 269 C.
1664 217 1789 286 199]
2112 215 2191 280 51

234 365 589 426 Castrorum
642 360 1007 436 portorium,
1064 377 1186 438 quo
1226 362 1290 422 in
1334 363 1677 423 loco-nunc
1731 363 2027 440 oppidum
2078 375 2191 440 est,

230 448 561 509 fruendum
604 447 917 516 locarunt;
980 445 1367 521 colonosque
1400 462 1475 506 eo
1506 453 1809 508 trecentos
1836 479 1923 492 -——
1949 451 2002 510 is
2033 451 2193 510 enim

227 547 525 593 numerus
567 530 776 590 finitus
818 529 896 590 ab
939 537 1158 590 senatu
1191 533 1427 590 erat—
1449 529 1944 607 adscripserunt,
1987 539 2048 594 et
2074 534 2193 596 sub

225 617 438 677 Tifatis
469 614 716 691 Capuae
757 629 971 689 agrum
1008 613 1433 674 vendiderunt.
1500 613 1617 674 sub
1659 613 1822 676 idem
1850 622 2093 694 tempus
2121 619 2190 678 L.

223 700 490 760 Manlius
517 698 817 758 Acidinus
857 712 940 756 ex
964 696 1260 774 Hispania
1301 697 1643 773 decedens,
1686 698 2029 774 prohibitus
2059 719 2097 761 a
2121 701 2189 761 P.

221 783 446 846 Porcio
474 782 676 842 Laeca
712 781 955 842 tribuno
999 781 1229 856 plebis,
1273 796 1353 840 ne
1395 798 1589 844 ovans
1631 783 1887 860 rediret,
1932 801 2069 846 cum
2112 785 2189 848 ab

226 872 445 929 senatu
485 866 902 942 impetrasset,
946 864 1221 940 privatus
1263 866 1479 925 urbem
1503 867 1857 941 ingrediens
1884 868 2049 929 mille
2078 870 2187 932 du-

225 958 407 1012 centa
449 950 657 1027 pondo
699 947 965 1024 argenti,
1011 949 1254 1024 triginta
1293 950 1503 1025 pondo
1546 950 1736 1010 ferme
1764 952 1896 1011 auri
1925 952 1987 1011 in
2016 969 2187 1012 aera-

226 1037 386 1096 rium
413 1035 565 1096 tulit.
1730 1069 1735 1074 ·

393 1118 627 1179 Eodem
657 1132 821 1178 anno
851 1115 954 1176 Cn.
990 1116 1256 1177 Baebius
1285 1117 1639 1193 Tamphilus
1657 1165 1671 1191 ‚
1718 1119 1822 1194 qui
1851 1120 1929 1180 ab
1964 1119 2025 1180 C.
2056 1123 2184 1182 Au-

220 1203 378 1264 relio
409 1203 664 1262 consule
697 1201 844 1260 anni
885 1199 1110 1276 prioris
1144 1201 1526 1275 provinciam
1559 1202 1809 1264 Galliam
1839 1212 2183 1279 acceperat,

219 1295 451 1347 temere
473 1286 791 1360 ingressus
817 1284 1126 1346 Gallorum
1145 1285 1472 1346 Insubrum
1502 1283 1645 1346 finis
1673 1301 1871 1363 prope
1893 1303 2032 1348 cum
2056 1296 2185 1350 toto
2264 1349 2269 1352 .

219 1371 496 1430 exercitu
536 1375 632 1430 est
659 1369 1143 1439 circumventus3
1189 1384 1383 1444 supra
1408 1385 1527 1429 sex
1553 1370 1717 1429 milia
1745 1377 1806 1430 et
1833 1371 2184 1447 septingen-

221 1462 316 1514 tos
347 1453 568 1514 milites
599 1453 831 1522 amisit3
873 1457 1041 1514 tanta
1067 1468 1146 1512 ex
1175 1467 1250 1512 eo
1280 1452 1474 1527 bello,
1508 1453 1679 1528 quod
1705 1452 1824 1513 iam
1853 1453 2048 1514 timeri
2079 1456 2183 1515 de-

219 1537 436 1609 sierat,
483 1535 692 1596 clades
723 1542 980 1612 accepta
1007 1543 1117 1597 est.
1181 1553 1260 1596 ea
1287 1551 1391 1596 res
1419 1536 1485 1596 L.
1512 1537 1837 1599 Lentulum
1866 1540 2177 1605 consulem

216 1620 295 1680 ab
322 1621 480 1682 urbe
506 1619 748 1681 excivit.
792 1621 896 1695 qui
926 1622 1079 1680 utin
1110 1620 1490 1696 provinciam
1510 1621 1679 1681 venit
1698 1622 1943 1698 plenam
1964 1625 2178 1683 tumul-

216 1713 346 1779 tus,
395 1704 638 1780 trepido
681 1705 953 1766 exercitu
993 1711 1248 1781 accepto
1300 1711 1645 1780 praetorem
1686 1705 1890 1766 multis
1934 1707 2181 1784 probris

213 1788 578 1862 increpitum
607 1786 926 1864 provincia
955 1788 1258 1850 decedere
1288 1797 1473 1864 atque
1502 1789 1673 1850 abire
1696 1789 1954 1851 Romam
1984 1791 2180 1851 iussit.

213 1887 422 1949 neque
449 1873 588 1948 ipse
617 1873 836 1934 consul
863 1871 1256 1933 memorabile
1293 1873 1621 1950 quicquam
1652 1873 1861 1949 gessit,
1908 1875 2180 1936 comitio-

209 1973 346 2017 rum
375 1972 568 2018 causa
592 1956 852 2019 Romam
892 1963 1254 2027 revocatus;
1300 1973 1460 2033 quae
1486 1959 1627 2034 ipsa
1656 1973 1766 2035 per
1791 1955 1871 2018 Μ.
1903 1957 2181 2021 Fulvium

209 2050 274 2102 et
301 2040 404 2099 Μ’.
461 2040 702 2102 Curium
750 2041 1031 2103 tribunos
1081 2040 1281 2117 plebis
1322 2042 1843 2118 impediebantur,
1900 2045 2070 2119 quod
2111 2044 2177 2103 T.

210 2124 557 2200 Quinctium
597 2124 996 2185 Flamininum
1049 2128 1433 2188 consulatum
1476 2143 1557 2188 ex
1598 2134 1929 2202 quaestura
1969 2134 2181 2203 petere

207 2226 336 2271 non
380 2208 780 2283 patiebantur.
853 2209 971 2269 iam
1002 2209 1369 2272 aedilitatem
1401 2217 1873 2286 praeturamque
1901 2211 2177 2282 fastidiri,

209 2309 330 2355 nec
359 2308 472 2368 per
497 2292 797 2354 honorum
829 2294 1078 2369 gradus,
1110 2293 1545 2354 documentum
1566 2293 1663 2354 sui
1687 2293 1909 2369 dantis,
1938 2294 2179 2354 nobiles

206 2378 494 2439 homines
521 2377 775 2438 tendere
808 2378 890 2437 ad
920 2378 1335 2450 consulatum,
1380 2378 1492 2437 sed
1521 2376 2019 2438 transcendendo
2050 2392 2178 2437 me-

207 2462 333 2536 dia,
369 2477 609 2521 summa
633 2461 770 2526 imis
801 2462 1176 2522 continuare.
1241 2476 1345 2521 res
1376 2477 1455 2521 ex
1484 2461 1815 2536 campestri
1847 2461 2179 2523 certamine

205 2545 272 2607 in
317 2551 596 2607 senatum
647 2546 944 2621 pervenit.
1003 2554 1211 2621 patres
1261 2553 1661 2621 censuerunt,
1716 2546 1819 2622 qui
1859 2545 2177 2621 honorem,

209 2645 392 2706 quem
425 2630 545 2691 sibi
576 2645 800 2706 capere
829 2646 939 2706 per
964 2632 1136 2705 leges
1165 2629 1405 2704 liceret,
1444 2636 1707 2705 peteret,
1740 2629 1801 2689 in
1834 2644 1910 2691 eo
1942 2633 2177 2707 populo

205 2714 458 2775 creandi
481 2728 666 2789 quem
689 2713 836 2774 velit
854 2720 1221 2789 potestatem
1243 2713 1377 2773 fieri
1400 2730 1665 2791 aequum
1689 2728 1851 2775 esse.
1880 2714 1943 2775 in
1966 2723 2173 2775 aucto-

203 2800 383 2860 ritate
423 2804 662 2875 patrum
705 2798 878 2859 fuere
919 2798 1162 2863 tribuni.
1231 2798 1420 2859 creati
1462 2799 1753 2861 consules
1784 2796 1929 2859 Sex.
1960 2800 2175 2861 Aelius

201 2883 429 2943 Paetus
472 2890 533 2959 et
571 2882 635 2940 T.
668 2881 984 2956 Quinctius
1025 2882 1422 2943 Flamininus.
1489 2883 1633 2943 inde
1675 2888 2028 2957 praetorum
2072 2900 2175 2945 co-

204 2966 377 3027 mitia
429 2965 656 3025 habita.
729 2967 914 3027 creati
963 2966 1029 3026 L.
1085 2966 1403 3028 Cornelius
1459 2966 1697 3028 Merula
1750 2968 1830 3028 M.
1885 2966 2173 3027 Claudius

201 3050 534 3113 Marcellus
577 3048 660 3109 M.
707 3049 962 3112 Porcius
1006 3050 1153 3111 Cato
1208 3050 1272 3111 C.
1313 3051 1568 3112 Helvius
1613 3052 1717 3126 qui
1768 3050 2000 3111 aediles
2046 3052 2171 3125 ple-

202 3135 302 3195 bis
353 3136 610 3197 fuerant.
695 3134 774 3194 ab
822 3134 898 3196 iis
949 3136 1076 3196 ludi
1129 3134 1351 3211 plebeii
1403 3134 1751 3202 instaurati;
1815 3139 1878 3193 et
1926 3134 2174 3209 epulum

201 3219 372 3281 lovis
421 3218 536 3279 fuit
583 3218 868 3279 ludorum
912 3235 1122 3280 causa.
1183 3224 1244 3277 et
1284 3218 1363 3277 ab
1402 3218 1703 3278 aedilibus
1751 3216 2065 3279 curulibus
2108 3216 2172 3277 C.

201 3303 452 3364 Valerio
485 3302 717 3363 Flacco
761 3300 1006 3363 flamine
1033 3301 1190 3362 Diali
1231 3307 1295 3360 et
1324 3300 1385 3361 C.
1420 3299 1700 3371 Cornelio
1732 3299 1999 3375 Cethego
2042 3301 2170 3361 ludi

198 3386 464 3449 Romani
493 3400 714 3461 magno
747 3392 1046 3463 apparatu
1075 3386 1235 3446 facti.
1304 3382 1436 3445 Ser.
1470 3391 1531 3445 et
1560 3382 1623 3443 C.
1657 3382 1912 3460 Sulpicii
1946 3385 2173 3447 Galbae

197 3471 534 3549 pontifices
571 3485 646 3532 eo
676 3485 838 3531 anno
880 3470 1102 3531 mortui
1147 3476 1323 3531 sunta
1367 3470 1427 3529 in
1458 3484 1668 3531 eorum
1708 3470 1910 3532 locum
1938 3469 2019 3529 M.
2051 3469 2171 3530 Ae-

1678 3555 1764 3615 Δ*
