2548 3950
642 219 872 280 LIBER
897 219 1164 280 XXXIV.
1207 217 1374 280 CAP.
1405 228 1489 283 19.
1521 231 1607 282 20.
1654 227 1979 295 [a.0.195]
2152 223 2271 290 141

313 373 541 437 Manlio
589 371 870 434 Celtiberi
907 371 1192 435 mercede
1233 369 1415 432 exciti
1456 371 1533 432 ab
1576 371 1887 450 hostibus,
1940 375 2097 437 sicut
2139 383 2277 439 ante

312 458 541 518 dictum
570 461 684 528 est,
719 453 1041 516 faciebant.
1109 456 1318 533 itaque
1347 470 1423 516 eo
1454 459 1670 519 consul
1699 459 2033 530 arcessitus
2064 460 2275 528 litteris

309 539 616 615 praetoris
645 539 921 613 legio-nes
945 537 1134 608 duxit
1179 537 1285 608 uhi
1310 555 1387 598 eo
1408 541 1593 614 venit,
1616 569 1702 580 --
1724 549 1925 603 castra
1948 544 2277 618 separatim

313 623 596 684 Celtiberi
644 628 708 684 et
745 623 1072 688 Turdetani
1119 623 1431 692 habebant
1454 657 1543 670 --
1572 640 1709 691 cum
1758 625 2116 694 Turdetanis
2170 643 2275 688 ex-

307 708 536 784 templo
567 705 726 771 levia
753 707 1016 786 proelia,
1059 707 1447 783 incursantes
1475 708 1537 771 in
1563 709 1863 772 ‚stationes
1892 725 2125 784 eorum,
2154 711 2275 780 Ro,-

310 792 471 858 mani
494 792 718 865 facere,
741 805 1110 868 semperque
1128 791 1397 858 victores
1412 807 1492 858 ex
1508 793 1785 867 quamvis
1809 800 2037 858 temere
2052 801 2273 871 coepto

311 876 638 938 certamine
664 873 854 942 abire«.
897 873 980 938 ad
1003 872 1337 941 Celtiberos
1364 875 1427 937 in
1456 877 1831 952 colloquium
1858 879 1971 939 trib
1981 895 2136 940 unos
2166 880 2275 938 mi-

307 960 478 1042 litum
520 959 612 1018 ire
640 958 885 1031 consul,
931 962 1115 1034 atque
1143 958 1218 1022 iis
1245 957 1429 1021 trium
1460 960 1883 1028 condicionum
1916 962 2275 1032 electionem

309 1043 469 1104 ferre
514 1041 711 1114 iubet,
761 1040 1050 1116 primam,
1104 1041 1159 1104 si
1197 1042 1461 1105 transire
1500 1044 1581 1110 ad
1620 1044 1934 1109 Romanos
1984 1046 2176 1107 velint
2218 1054 2279 1106 et

309 1127 540 1202 duplex
581 1125 952 1200 stipendium
993 1125 1279 1202 accipere
1314 1145 1500 1206 quam
1530 1136 1819 1202 quantum
1849 1146 1885 1194 a
1912 1129 2275 1196 Turdetanis

307 1210 722 1286 pepigissent3
763 1209 1031 1284 alteram,
1061 1210 1116 1271 si
1139 1211 1359 1290 domos
1384 1213 1571 1284 abire,
1604 1213 1851 1287 publica
1872 1213 1995 1274 fide
2019 1222 2276 1290 accepta

305 1293 454 1357 nihil
497 1309 634 1355 eam
672 1308 802 1355 rem
841 1292 1066 1358 noxiae
1099 1293 1395 1367 futuram,
1422 1295 1611 1374 *quod
1640 1295 1922 1358 hostibus
1954 1313 2024 1356 se
2050 1299 2273 1368 Rorna-

305 1393 526 1444 norum
553 1377 930 1448 iunxissent;
974 1377 1230 1448 tertiam,
1261 1379 1317 1438 si
1338 1378 1551 1454 utique
1574 1379 1799 1441 bellum
1822 1383 2081 1456 placeat,
2112 1381 2275 1448 diem

307 1463 634 1536 locumque
663 1461 1053 1534 constituant,
1084 1461 1187 1521 ubi
1217 1477 1430 1522 secum
1460 1463 1645 1525 armis
1674 1463 2025 1524 decernant.
2074 1479 2112 1525 a
2143 1463 2273 1525 Cel-

305 1545 516 1610 tiberis
560 1543 694 1611 dies
736 1545 816 1614 ad
851 1545 1329 1609 'consultandum
1358 1547 1565 1620 petita.
1634 1545 1959 1611 concilium
1986 1547 2273 1610 immixtis

305 1628 667 1696 Turdetanis
688 1629 962 1692 habitum
975 1644 1204 1704 magno
1233 1645 1370 1694 cum
1390 1633 1677 1692 tumultu:
1709 1645 1785 1691 eo
1808 1631 2006 1693 minus
2025 1631 2272 1692 decerni

307 1715 634 1790 quicquam
678 1713 891 1788 potuit.
959 1729 1098 1775 cum
1137 1713 1369 1776 incerta
1406 1714 1632 1778 bellum
1662 1730 1759 1776 an.
1770 1730 1900 1790 pax
1928 1729 2069 1776 cum
2098 1715 2271 1776 Celti-

303 1797 470 1860 beris
501 1803 730 1870 essent,
763 1803 1139 1858 commeatus
1168 1803 1371 1858 tamen
1397 1797 1569 1865 haud
1602 1812 1785 1862 secus
1816 1814 2001 1874 quam
2028 1799 2090 1858 in
2115 1814 2273 1873 pace
2384 1792 2405 1820 ’

303 1897 380 1944 ex
403 1880 570 1957 agris
595 1879 1269 1954 castellisquehostium
1282 1881 1541 1943 Romani
1562 1882 1905 1957 portabant,
1923 1882 2271 1968 deqsaepe
2333 1895 2363 1952 ,³
2414 1877 2439 1946 ’.·
2531 1907 2532 1910 “

300 1965 674 2029 munimenta
707 1980 949 2037 eorum,
997 1964 1166 2026 velut
1196 1963 1502 2027 communi
1530 1971 1713 2040 pacto
1750 1965 2115 2029 commercio
2145 1967 2269 2041 pri·

301 2052 462 2113 vetis
491 2049 762 2123 indutiiS,
792 2048 1226 2123 ingredientes.
1284 2050 1504 2112 consul
1532 2048 1637 2109 ubi
1660 2048 1857 2111 hostis
1890 2050 1967 2113 ad
1999 2066 2269 2127 pugnam

303 2134 527 2197 elicere
565 2132 807 2208 nequit,
847 2133 1108 2207 primum
1135 2134 1499 2207 praedatum
1529 2133 1646 2193 sub
1678 2134 1871 2213 signis
1902 2134 2136 2213 aliquot
2164 2149 2269 2193 ex-

296 2218 543 2293 peditas
575 2216 846 2283 cohortis
873 2216 934 2279 in
964 2231 1180 2291 agrum
1207 2214 1479 2290 integrae
1507 2216 1777 2289 regionis
1802 2218 2001 2285 ducit3
2050 2218 2273 2277 deinde

302 2301 512 2363 audito
546 2299 876 2377 Seguntiae
904 2299 1272 2367 ’Celtiberum
1316 2300 1513 2366 omnis
1556 2299 1833 2362 sarcinas
1872 2300 2271 2374 impedimen-

298 2390 488 2461 taque
529 2386 771 2457 relicta,
816 2399 892 2453 eo
933 2383 1134 2459 pergit
1173 2384 1403 2449 ducere
1426 2382 1509 2448 ad
1538 2384 2041 2459 oppugnandum.
2098 2390 2269 2458 post-

303 2484 488 2545 quam
538 2470 704 2535 nulla
752 2472 1074 2530 moventur
1112 2482 1214 2543 re,
1267 2469 1581 2543 persoluto
1624 2467 1931 2543 stipendio
1974 2484 2099 2529 non
2140 2468 2269 2539 suis

301 2554 488 2619 modo
529 2552 646 2618 sed
687 2552 868 2616 etiem
899 2552 1201 2627 praetoris
1239 2550 1559 2629 militibuS,
1600 2552 1939 2629 relictoque
1968 2552 2133 2616 omni
2162 2566 2259 2611 ex·

299 2637 494 2699 ereitu
533 2636 596 2700 in
625 2635 843 2703 eastris
884 2634 1240 2711 praetoriiS,
1286 2634 1425 2711 ipse
1468 2652 1603 2705 cum
1646 2642 1883 2711 septem
1914 2633 2269 2700 cohortibus

295 2719 383 2782 ad
401 2720 646 2783 iberum
667 2726 766 2787 est
784 2734 1132 2795 regressus.
1169 2719 1300 2783 XX.
1344 2734 1421 2783 ea
1439 2727 1561 2783 tam
1584 2720 1811 2796 exigua
1828 2737 2013 2785 manu
2039 2720 2270 2803 oppida

301 2801 534 2878 aliquot
560 2803 746 2878 cepit.
798 2804 1082 2871 defecere
1109 2804 1192 2871 ‚ad
1222 2819 1363 2865 eum
1391 2802 1697 2879 Sedetani,
1727 2804 2045 2879 Ausetani,
2080 2803 2267 2868 Sues-

302 2887 518 2951 setani.
549 2886 911 2961 Laeetan0S‚
936 2886 1176 2950 deviam
1200 2887 1623 2955 et-silvestrem
1640 2895 1903 2965 gentem,
1930 2904 2065 2959 cum
2088 2886 2269 2947 insita

292 2971 511 3037 feritas
543 2970 896 3035 continebat
923 2970 986 3031 in
1017 2972 1232 3047 armis,
1276 2979 1405 3034 tum
1435 2972 1841 3047 conscientia,
1874 2972 2018 3039 dum
2051 2971 2268 3032 consul

299 3055 736 3131 exercitusque
755 3054 1026 3120 Turdulo
1056 3055 1217 3116 bello
1249 3062 1347 3116 est
1368 3060 1727 3133 occupatuS,
1754 3055 2268 3130 depopulatorum

297 3138 522 3202 subitis
551 3138 1006 3220 incursionibus
1037 3140 1367 3202 sociorum.
1413 3140 1591 3215 igitur
1614 3136 1700 3207 ad
1729 3138 2027 3213 oppidum
2054 3152 2267 3198 eorum

299 3223 787 3299 oppugnandum
816 3223 1035 3285 consul
1063 3222 1229 3284 ducit
1255 3238 1379 3283 non
1401 3223 1709 3284 Romanas
1739 3220 1925 3284 modo
1956 3220 2265 3293 cohortes,

301 3306 416 3366 sed
465 3306 840 3369 iuventutem
890 3308 1070 3370 etiam
1119 3307 1335 3367 merito
1384 3304 1763 3371 infensorum
1810 3306 1886 3370 iis
1931 3304 2260 3371 sociorum.

301 3389 602 3467 oppidum
629 3391 895 3467 longum,
926 3391 988 3454 in
1017 3391 1392 3459 latitudinem
1414 3390 1887 3467 haudquaquam
1908 3389 2263 3454 tantundem

303 3480 520 3551 patens
560 3472 886 3539 habebant.
953 3475 1433 3552 quadringentos
1469 3474 1612 3535 inde
1641 3475 1829 3535 ferme
1858 3490 2086 3550 passus
2119 3488 2259 3534 con-
