2548 3950
337 228 466 293 2⁴18
627 228 861 290 LIBER
885 226 1154 289 XXXVI.
1202 226 1373 287 CAP-
1400 234 1598 289 30.31.
1644 226 1717 305 [a.
1740 232 1813 285 U.
1835 248 1885 286 ο.
1906 232 2031 300 561]

341 394 547 441 arcem
585 378 791 454 posito
831 384 1074 438 ceteras
1111 384 1323 453 partes
1363 376 1533 439 urbis
1560 375 1777 437 divisis
1808 375 2005 453 copiis
2036 392 2147 453 pro
2177 379 2293 439 situ

339 463 652 526 moenium
699 458 1112 522 circumsedit.
1181 474 1301 521 nec
1337 458 1543 521 minus
1578 461 1788 537 operis
1826 461 2186 536 laborisque
2224 476 2293 520 ca

341 543 722 623 oppugnatio
753 559 940 620 quam
965 544 1305 605 Heracleae
1328 542 1561 605 habuit.

507 628 720 689 xxxi.
773 627 1012 689 Eodem
1050 633 1330 702 tempore
1368 634 1433 688 et
1454 626 1745 689 Messene
1780 627 1843 687 in
1870 627 2299 704 Peloponneso

341 714 422 775 ab
449 709 720 775 Achaeis
733 756 751 785 ,
795 711 968 786 quod
1009 708 1256 771 concilii
1294 724 1511 771 eorum
1540 716 1858 771 recusaret
1883 726 2029 773 esse
2043 756 2061 785 ‚
2104 728 2296 788 oppu-

343 795 520 874 gnari
545 802 772 871 coepta
800 800 916 855 cst.
969 793 1194 855 etenim
1221 793 1386 855 duae
1413 793 1691 856 civitates
1706 840 1723 867 ,
1750 793 2041 856 Messene
2069 801 2132 857 et
2154 796 2299 867 Elis,

341 888 518 942 extra
545 876 874 941 concilium
899 877 1240 939 Achaicum
1268 885 1472 954 erant,
1503 893 1644 939 cum
1669 878 1907 939 Aetolis
1936 877 2292 940 sentiebant.

341 963 476 1025 Elei
521 969 727 1025 tamen
767 968 914 1039 post
952 962 1225 1037 fugatum
1265 976 1349 1023 ex
1393 961 1649 1023 Graecia
1682 961 2051 1023 Antiochum
2091 962 2299 1038 legatis

342 1048 735 1109 Achaeorum
761 1046 962 1107 lenius
989 1046 1469 1121 responderantz
1508 1044 1765 1107 dimisso
1794 1046 2106 1121 praesidio
2135 1046 2301 1121 regio

346 1131 742 1207 cogitaturos,
775 1127 923 1205 quid
953 1128 1072 1189 sibi
1100 1127 1449 1189 laciendum
1476 1137 1667 1190 esset.
1726 1128 2021 1191 Messenii
2048 1130 2189 1190 sine
2213 1144 2299 1189 re—

345 1229 584 1291 sponso
599 1212 870 1275 dimissis
883 1211 1102 1287 legatis
1113 1219 1433 1274 moverant
1448 1212 1709 1283 bellumz
1735 1210 2085 1289 trepidique
2104 1228 2303 1275 rerum

347 1314 598 1360 suarum
612 1342 629 1371 ‚
674 1312 810 1358 cum
850 1296 973 1357 iam
1013 1312 1164 1373 ager
1200 1295 1403 1359 effuso
1446 1295 1721 1359 exercitu
1758 1296 1995 1374 passim
2034 1304 2303 1359 ureretur

350 1390 680 1458 castraque
707 1396 910 1457 prope
927 1381 1154 1443 urbem
1182 1380 1333 1457 poni
1359 1379 1667 1454 viderent,
1696 1382 1934 1456 legatos
1962 1380 2303 1441 Chalcidem

351 1467 432 1527 ad
459 1468 523 1526 T.
557 1464 903 1540 Quinctium
931 1471 1246 1526 auctorem
1272 1463 1566 1525 libertatis
1594 1463 1909 1540 miserunt,
1940 1466 2045 1541 qui
2072 1462 2303 1525 nuntia-

345 1558 484 1612 rent
502 1548 852 1610 Messenios
873 1549 1187 1625 Romanis,
1215 1564 1342 1609 non
1362 1547 1631 1610 Achaeis
1658 1555 1721 1609 et
1748 1545 1988 1625 aperire
2016 1554 2231 1625 portas
2254 1552 2306 1609 el

349 1634 580 1695 dedere
609 1633 820 1693 urbem
849 1638 1104 1709 paratos
1133 1647 1301 1693 esse.
1344 1632 1567 1694 auditis
1596 1632 1814 1707 legatis
1835 1634 2143 1709 extemplo
2174 1646 2305 1708 pro-

351 1719 550 1777 fectus
608 1714 922 1789 Quinctius
965 1732 1004 1776 a
1028 1714 1404 1792 Megalopoli
1442 1716 1525 1776 ad
1562 1715 1926 1792 Diophanen
1967 1722 2308 1793 praetorem

347 1799 741 1861 Achaeorum
767 1796 962 1873 misit,
989 1800 1098 1875 qui
1127 1800 1437 1875 extemplo
1465 1801 1763 1861 reducere
1792 1816 1931 1862 eum
1960 1817 1999 1861 a
2024 1800 2311 1861 Messene

352 1881 688 1946 exercitum
729 1890 791 1943 et
825 1881 1040 1943 venire
1068 1884 1151 1944 ad
1179 1898 1250 1944 se
1289 1883 1543 1944 iuberet.
1610 1884 1774 1945 dicto
1816 1883 2020 1959 paruit
2044 1882 2309 1959 Diopha-

351 1983 496 2039 nes;
541 1973 604 2029 et
629 1967 835 2028 soluta
861 1965 1189 2030 obsidione
1217 1966 1547 2044 expeditus
1575 1968 1731 2045 ipse,
1774 1984 2184 2045 praegressus
2212 1982 2309 2040 ag-

354 2067 515 2126 men,
539 2051 705 2111 circa
723 2052 1084 2124 Andaniam,
1110 2067 1368 2126 parvum
1390 2053 1687 2128 oppidum
1710 2053 1865 2114 inter
1882 2050 2310 2129 Megalopolim

351 2135 812 2211 Messenenque
840 2135 1140 2211 positum,
1186 2135 1463 2210 Quinctio
1496 2137 1791 2206 occurrit;
1834 2142 1897 2196 et
1924 2152 2063 2196 cum
2092 2149 2309 2196 causas

354 2218 834 2295 oppugnationis
863 2227 1222 2295 exponeret,
1255 2222 1614 2295 castigatum
1638 2220 1869 2294 leniter,
1900 2221 2068 2294 quod
2092 2225 2313 2280 tantam

349 2318 481 2364 rem
523 2301 660 2364 sine
699 2304 1060 2365 auctoritate
1087 2319 1204 2363 sua
1231 2311 1490 2364 conatus
1518 2312 1714 2377 esset,
1755 2304 2054 2364 dimittere
2082 2299 2311 2364 exerci-

352 2394 478 2448 tum
507 2386 689 2448 iussit
715 2403 831 2448 nec
860 2402 1076 2462 pacem
1103 2387 1375 2449 omnium
1400 2386 1567 2448 bono
1599 2394 1830 2464 partam
1852 2388 2116 2448 turbare.
2154 2386 2313 2446 Mes·

354 2469 544 2530 seniis
569 2470 909 2546 imperavit,
939 2478 1002 2531 ut
1023 2470 1272 2531 exsules
1295 2471 1659 2532 reducerent
1678 2479 1738 2532 et
1758 2471 2147 2532 Achaeorum
2168 2485 2311 2530 con-

356 2553 478 2615 cilii
519 2560 763 2616 essents
807 2553 864 2619 si
906 2569 1029 2629 qua
1070 2553 1365 2615 haberent
1403 2555 1482 2615 de
1511 2554 1738 2630 quibus
1767 2561 1872 2616 aut
1895 2569 2185 2615 recusare
2215 2557 2318 2612 aut

355 2637 417 2698 in
448 2645 766 2713 posterum
795 2638 1003 2699 caveri
1031 2637 1149 2698 sibi
1181 2639 1423 2708 vellent,
1454 2638 1806 2700 Corinthum
1828 2640 1906 2699 ad
1930 2653 2000 2699 se
2020 2637 2316 2698 venirent.

354 2720 720 2796 Diophanen
757 2719 1084 2782 concilium
1111 2721 1503 2782 Achaeorum
1533 2723 1843 2800 extemplo
1872 2723 1989 2784 sibi
2020 2721 2317 2798 praebere

354 2804 553 2865 iussit.
619 2803 708 2864 ibi
757 2804 835 2864 de
874 2804 1191 2883 Zacyntho
1244 2804 1583 2880 intercepta
1633 2821 1743 2880 per
1792 2807 2068 2867 fraudem
2117 2804 2315 2865 insula

357 2895 614 2962 questus
636 2888 990 2963 postulavit,
1022 2895 1090 2949 ut
1113 2888 1536 2950 restitueretur
1556 2889 1869 2950 Romanis.
1912 2887 2169 2964 Philippi
2188 2887 2313 2946 Ma-

355 2972 661 3033 cedonum
679 2969 846 3048 regis
857 2971 1210 3051 Zacynthus
1234 2973 1461 3034 fuerat:
1492 2989 1627 3033 eam
1650 2974 1994 3035 mercedem
2008 2975 2314 3051 Amynan·

357 3056 471 3115 dro
503 3056 788 3131 dederat,
817 3062 884 3117 ut
911 3073 1025 3132 per
1052 3057 1479 3118 Athamaniam
1505 3057 1735 3118 ducere
1762 3057 2097 3118 exercitum
2124 3055 2185 3117 in
2217 3071 2315 3115 su-

357 3138 660 3215 periorem
689 3147 922 3216 partem
955 3142 1232 3202 Aetoliae
1260 3141 1503 3216 liceret,
1534 3157 1656 3217 qua
1687 3139 2082 3218 expeditione
2111 3135 2319 3200 fractis

355 3223 575 3284 animis
596 3225 854 3286 Aetolos
877 3225 1172 3301 compulit
1191 3226 1273 3286 ad
1295 3225 1621 3301 petendam
1647 3240 1883 3301 pacem.
1918 3222 2319 3303 Amynander

354 3305 699 3383 Philippum
722 3308 1303 3384 Megalopolitanum
1332 3310 1569 3371 insulae
1592 3309 1917 3384 praefecit3
1967 3313 2186 3385 postea
2208 3317 2319 3382 per

357 3389 579 3450 bellum
598 3435 613 3464 ,
661 3407 786 3466 quo
833 3406 904 3451 se
946 3391 1253 3454 Antiocho
1298 3393 1601 3454 adversus
1629 3394 1944 3454 Romanos
1985 3385 2311 3460 coniunxit,

349 3469 634 3549 Philippo
667 3474 748 3534 ad
766 3489 1020 3535 munera
1041 3475 1186 3536 belli
1207 3484 1497 3538 revocato
1519 3475 1841 3538 HIeroclen
1859 3473 2315 3553 Agrigentinum
