2548 3950
284 217 370 282 74
565 219 792 280 LIBER
820 218 1054 278 XXXII.
1103 219 1267 278 CAP.
1299 226 1386 280 29.
1417 227 1505 279 30.
1550 217 1622 294 [a.
1658 223 1723 274 υ.
1756 241 1801 274 0.
1834 219 1961 295 555]

282 369 504 434 obvios
536 369 770 444 aliquot
809 367 1212 442 laniaverant,
1255 371 1487 430 Romae
1531 386 1651 429 non
1692 369 1753 430 in
1797 369 2011 430 urbem
2040 371 2239 430 solum

281 457 398 516 sed
427 455 487 514 in
521 451 882 528 Capitolium
913 460 1339 528 penetraverat
1365 453 1569 528 lupus.

451 538 513 597 C.
543 535 778 614 Acilius
808 536 1087 597 tribunus
1117 537 1329 620 plebis·
1347 536 1511 610 tulit,
1550 545 1618 598 ut
1654 535 1927 612 quinque
1956 535 2238 598 coloniae

281 622 343 680 in
375 637 546 682 oram
574 617 931 680 maritimam
957 620 1423 692 deducerentur,
1454 621 1613 680 duae
1634 621 1716 680 ad
1739 621 1897 682 ostia
1920 619 2238 686 fluminum

280 702 565 766 Vulturni
603 702 984 776 Liternique,
1029 707 1149 762 una
1186 703 1505 778 PuteoloS,
1548 719 1672 764 una
1711 702 1791 763 ad
1830 710 2099 764 castrum
2128 703 2237 764 Sa-

279 787 456 848 lerni.
521 786 617 848 his
646 787 994 848 Buxentum
1023 787 1348 847 adiectum.
1414 794 1702 847 trecenae
1732 786 1994 846 familiae
2023 787 2085 846 in
2114 784 2237 846 sin-

277 874 456 950 gulas
479 869 756 931 colonias
785 869 1148 930 iubebantur
1172 869 1343 931 mitti.
1400 869 1693 932 triumviri
1724 869 2107 931 deducendis
2136 869 2232 943 iis,

278 953 388 1032 qui
429 970 541 1031 per
579 952 902 1014 triennium
941 952 1357 1028 magistratum
1392 953 1713 1026 haberent,
1758 951 1943 1013 creati
1982 953 2063 1011 Μ.
2097 952 2236 1014 Ser-

277 1038 462 1099 vilius
517 1036 806 1098 Geminus
863 1036 932 1110 Q.
981 1036 1287 1097 Minucius
1340 1037 1637 1097 Thermus
1685 1037 1773 1096 Ti.
1832 1035 2235 1111 Sempronius

277 1123 548 1197 Longus.
1436 1159 1441 1165 -
1684 1159 1689 1164 -

443 1203 683 1264 Dilectu
708 1203 1024 1277 rebusque
1052 1201 1190 1262 aliis
1221 1201 1445 1264 divinis
1475 1203 1902 1279 humanisque,
1936 1219 2094 1279 quae
2124 1220 2237 1278 per

279 1289 459 1366 ipsos
501 1288 742 1363 agenda
772 1295 974 1358 erant,
1017 1285 1313 1361 perfectis
1356 1288 1648 1348 consules
1678 1288 1857 1348 ambo
1889 1285 1949 1347 in
1983 1286 2234 1346 Galliam

279 1369 572 1448 profecti,
617 1369 934 1430 Cornelius
962 1377 1130 1430 recta
1157 1371 1237 1431 ad
1265 1371 1557 1432 Insubres
1589 1370 1721 1442 via,
1759 1369 1864 1446 qui
1897 1378 2017 1431 turn
2049 1369 2111 1429 in
2140 1387 2235 1430 ar-

279 1455 396 1516 mis
427 1463 600 1516 erant
629 1451 993 1514 Cenomanis
1023 1453 1397 1529 adsumptis3
1430 1451 1821 1529 Q.Minucius
1842 1453 1904 1513 in
1927 1455 2106 1514 laeva
2119 1455 2235 1514 Ita-

279 1539 398 1600 liae
449 1539 532 1598 ad
578 1536 838 1597 inferum
888 1552 1055 1596 mare
1107 1536 1277 1598 flexit
1323 1536 1465 1611 iter,
1519 1537 1917 1612 Genuamque
1960 1537 2234 1598 exercitu

275 1624 503 1683 educto
533 1621 610 1680 ab
637 1619 964 1695 Liguribus
995 1635 1176 1679 orsus
1204 1620 1430 1682 bellum
1461 1629 1574 1682 est.
1620 1619 1852 1696 oppida
1881 1619 2234 1682 Clastidium

277 1714 342 1766 et
364 1703 688 1777 Litubium,
716 1712 978 1778 utraque
1005 1702 1311 1776 Ligurum,
1340 1713 1403 1765 et
1431 1705 1589 1765 duae
1618 1703 1817 1780 gentis
1842 1703 2119 1765 eiusdem
2151 1703 2233 1763 ci-

277 1791 518 1861 vitateS,
549 1786 844 1847 Celelates
863 1785 1393 1862 Cerdeciatesque,
1426 1803 1568 1848 sese
1598 1787 1983 1856 dediderunt,
2026 1795 2087 1847 et
2114 1787 2233 1847 iam

222 1880 226 1883 ’
281 1869 488 1933 omnia
517 1869 608 1931 cis
634 1870 864 1931 Padum
881 1916 896 1944 ,
926 1876 1169 1945 praeter
1198 1869 1507 1931 Gallorum
1533 1870 1725 1931 Boios
1742 1917 1757 1940 ,
1800 1871 2024 1932 Ilvates
2050 1869 2235 1946 Ligu·

278 1970 430 2027 sum,
465 1953 579 2015 sub
612 1951 853 2015 dicione
883 1961 1074 2015 erant.
1141 1951 1491 2029 quindecim
1521 1953 1773 2031 oppida,
1802 1954 2113 2017 hominum
2146 1953 2234 2015 vi-

281 2038 429 2115 ginti
458 2036 624 2098 milia
653 2054 797 2099 esse
847 2037 1205 2099 dicebantur
1247 2056 1408 2113 quae
1449 2056 1519 2101 se
1560 2038 1941 2101 dediderant.
1984 2038 2131 2099 inde
2172 2038 2231 2098 in

278 2139 494 2197 agrum
519 2120 809 2182 Boiorum
843 2121 1119 2197 legiones
1149 2121 1341 2183 duxit.
1389 2124 1573 2183 XXX.
1600 2121 1896 2183 Boiorum
1923 2122 2232 2185 exercitus

279 2207 445 2267 haud
473 2206 771 2288 ita-multo
803 2214 943 2267 ante
971 2204 1295 2267 traiecerat
1319 2206 1567 2279 Padum,
1602 2204 2008 2284 iunxeratque
2038 2222 2108 2267 se
2136 2207 2229 2263 In-

282 2289 569 2350 subribus
601 2300 662 2351 et
684 2289 1080 2362 CenomaniS‚
1123 2291 1292 2365 quod
1331 2288 1415 2350 ita
1444 2297 1843 2365 acceperant,
1886 2288 2231 2351 coniunctis

278 2374 624 2449 legionibus
667 2376 957 2435 consules
998 2380 1484 2449 rem-gesturOS,
1524 2382 1591 2434 ut
1630 2381 1692 2433 et
1731 2372 1854 2449 ipsi
1884 2375 2139 2434 collatas
2168 2369 2231 2431 in

278 2473 464 2517 unum
505 2456 670 2515 vires
712 2458 1038 2517 firmarent.
1123 2463 1457 2531 postquam
1496 2458 1657 2517 sama
1705 2456 1930 2518 accidit
1976 2458 2231 2517 alterum

275 2540 596 2600 consulem
617 2538 910 2599 Boiorum
939 2555 1117 2600 urere
1139 2554 1341 2614 agroS,
1375 2540 1595 2601 seditio
1622 2542 1931 2615 extemplo
1962 2548 2093 2602 orta
2116 2546 2229 2599 est.

277 2624 594 2698 postulare
639 2622 806 2697 Boii,
856 2631 924 2683 ut
961 2622 1375 2684 laborantibus
1419 2640 1602 2701 opem
1650 2623 1924 2685 universi
1974 2626 2229 2683 serrente

277 2706 568 2766 Insubres
607 2722 834 2781 negare
875 2722 945 2767 se
987 2723 1102 2766 sua
1141 2706 1519 2769 deserturos.
1600 2707 1683 2769 ita
1724 2706 1962 2768 divisae
1993 2704 2227 2781 copiae,

275 2787 572 2863 Boiisque
602 2789 661 2848 in
685 2806 897 2865 agrum
921 2808 1098 2852 suum
1123 2792 1439 2851 tutandum
1460 2790 1754 2867 profectis
1777 2791 2065 2851 Insubres
2092 2804 2229 2849 cum

274 2872 646 2938 Cenomanis
677 2889 868 2949 super
895 2874 1092 2935 amnis
1120 2874 1330 2935 Mincii
1359 2874 1555 2951 ripam
1586 2875 2019 2936 consederunt.
2074 2872 2232 2933 infra

274 2973 418 3016 eum
445 2958 648 3018 locum
691 2957 814 3018 duo
855 2957 1019 3019 milia
1059 2967 1121 3019 et
1161 2960 1380 3019 consul
1411 2957 1727 3019 Cornelius
1766 2956 1966 3019 eidem
1996 2954 2226 3017 flumini

273 3048 481 3101 castra
520 3040 835 3119 applicuit.
921 3041 1064 3103 inde
1102 3041 1394 3102 mittendo
1436 3042 1497 3101 in
1538 3039 1712 3103 vicos
1744 3041 2227 3102 Cenomanorum

275 3122 686 3201 mixtamque,
721 3127 890 3203 quod
918 3134 1102 3201 caput
1121 3126 1322 3201 gentis
1345 3136 1489 3197 erat,
1520 3133 1589 3185 ut
1610 3124 1759 3186 satis
1782 3122 2081 3201 comperit
2106 3139 2227 3185 non

274 3224 360 3267 ex
399 3210 758 3273 auctoritate
801 3208 1111 3271 seniorum
1133 3208 1529 3270 ⁴iuventutem
1570 3207 1631 3267 in
1672 3207 1857 3269 armis
1886 3224 2063 3281 esse,
2114 3222 2229 3267 nec

277 3292 526 3365 publico
559 3292 816 3353 consilio
845 3293 1170 3354 Insubrum
1192 3292 1521 3353 defectioni
1545 3292 1931 3352 Cenomanos
1956 3306 2099 3352 sese
2122 3290 2227 3354 ad-

276 3372 574 3450 iunxisse,
604 3374 822 3435 excitis
852 3376 932 3435 ad
963 3394 1032 3437 se
1061 3375 1443 3452 principibus
1472 3375 1533 3435 id
1558 3391 1745 3451 agere
1768 3390 1842 3435 ae
1862 3373 2063 3435 moliri
2086 3389 2227 3435 coe-

277 3456 392 3533 pit,
444 3465 512 3518 ut
551 3458 973 3520 desciscerent
1011 3460 1089 3519 ab
1129 3458 1491 3520 Insubribus
1533 3458 1895 3534 Cenomani,
1946 3466 2006 3519 et
2034 3455 2229 3534 signis
