2548 3950
582 234 814 295 LIBER
839 234 1106 303 XXXVI.
1145 236 1313 296 CAP.
1343 244 1427 299 13.
1459 245 1546 300 14.
1588 244 1662 312 [a.
1693 243 1907 311 c.191]
2098 238 2221 303 233

259 387 586 453 claudium
603 432 620 461 ,
661 392 731 447 ut
757 384 1080 449 obsidione
1107 386 1381 447 Larisam
1408 385 1729 463 eximeret,
1760 388 1819 447 in
1844 388 2221 453 Thessaliam

259 472 598 546 misissent,
630 468 776 546 quia
800 470 861 530 id
888 476 1128 547 tempus
1148 470 1336 532 rebus
1359 471 1645 547 gerendis
1668 472 2052 535 immaturum
2074 482 2223 549 erat,

257 558 328 617 in
355 555 616 617 hiberna
650 553 952 630 regressi,
996 553 1303 631 principio
1343 554 1509 616 veris
1548 555 1891 617 coniunctis
1932 557 2131 632 copiis
2159 558 2223 619 in

261 638 644 705 Thessaliam
679 638 1153 699 descenderunt.
1223 639 1287 699 in
1326 637 1677 701 Acarnania
1716 646 1841 701 tum
1877 640 2220 703 Antiochus

263 730 416 787 emti
469 723 867 787 advenientes
893 720 1210 799 Philippus
1237 722 1561 784 Malloeam
1588 722 2025 797 Perrhaebiae,
2064 725 2221 787 Bae·

259 810 404 870 hius
442 806 731 871 Phacium
778 812 875 867 est
915 805 1286 883 adgressum
1350 822 1475 881 quo
1512 808 1710 883 primo
1754 824 1954 885 prope
1992 809 2221 885 impetu

263 899 450 971 capte
467 890 792 953 Phaestum
819 889 1044 951 eadem·
1059 892 1365 953 celeritate
1388 891 1569 966 capit.
1610 890 1755 953 inde
1774 893 2063 953 Atracem
2084 909 2219 955 cum

261 992 339 1039 se
377 971 747 1051 recepisset,
789 973 1066 1052 Oyretias
1107 974 1250 1035 hinc
1280 982 1342 1036 et
1366 974 1616 1036 Eritium
1648 984 1943 1051 occupat3
1986 978 2219 1052 praesi-

263 1060 510 1136 diisque
539 1073 652 1135 pel·
675 1065 929 1133 recepta
957 1057 1189 1133 oppidu
1217 1058 1539 1135 dispositis
1560 1056 1857 1135 Philippo.
1871 1074 2088 1121 rursus
2112 1060 2223 1122 ob·

259 1143 486 1207 sidenti
504 1141 828 1203 Malloeam
852 1155 928 1203 se
957 1142 1285 1219 coniungit.
1326 1140 1455 1203 sub·
1472 1143 1744 1204 adventu
1761 1142 2025 1205 Romani
2047 1160 2220 1205 exer-

261 1227 444 1301 citus,
475 1242 590 1288 seu
617 1226 700 1287 ad
725 1232 952 1287 metum
981 1225 1198 1287 virium
1230 1243 1347 1288 seu
1374 1226 1459 1287 ad
1479 1240 1657 1303 spem
1682 1227 1922 1301 veniae,
1952 1243 2091 1289 cum
2115 1229 2213 1289 de·

261 1312 569 1373 didissent
594 1324 772 1385 sese,
797 1309 882 1369 ad
907 1324 986 1369 ea
1009 1309 1366 1385 recipienda
1396 1311 1631 1387 oppida
1661 1325 1821 1387 quae
1844 1310 2221 1373 Athamanes

259 1400 718 1471 occupaverant
743 1408 874 1455 uno
894 1390 1139 1475 agmine
1167 1394 1384 1455 ierunt.
1440 1400 1613 1454 erant
1640 1402 1839 1455 autem
1871 1391 2058 1454 haece
2096 1396 2217 1455 Ae·

257 1478 488 1557 ginium
526 1476 857 1540 Ericinium
901 1476 1162 1553 Gomphi
1201 1476 1409 1539 Silana
1434 1476 1647 1539 Tricce
1673 1475 1981 1538 Meliboea
2003 1476 2216 1538 Phalo-

256 1563 374 1623 ria.
418 1562 562 1623 inde
587 1560 991 1635 Pellinaeum,
1021 1561 1125 1621 uhi
1153 1560 1475 1637 Philippus
1498 1560 2049 1637 Megalopolitanus
2080 1576 2217 1621 cum

257 1645 611 1723 quingentis
637 1644 944 1721 peditibus
973 1651 1046 1727 et·
1061 1645 1367 1723 equitibus
1390 1643 1797 1722 quadraginta
1823 1645 1882 1705 in
1907 1644 2219 1720 praesidio

255 1735 411 1804 erat,
441 1728 893 1803 circumsidunt,
921 1733 985 1788 et
1011 1730 1375 1805 priusquam
1402 1735 1848 1805 oppugnarent,
1878 1729 2117 1790 mittunt
2142 1730 2221 1789 ad

253 1812 612 1889 Philippum
639 1813 744 1889 qui
771 1817 1089 1874 monerent
1102 1858 1119 1887 ,
1165 1828 1243 1873 ne
1272 1813 1397 1875 vim
1423 1812 1693 1876 ultimam
1722 1812 1989 1888 experiri
2018 1812 2223 1877 vellet.

257 1898 488 1975 quibus
514 1896 617 1957 ille
644 1895 796 1959 satis
826 1894 1111 1958 ferociter
1137 1897 1461 1973 respondit
1480 1898 1577 1957 vel
1597 1896 2012 1959 Romanisvel
2031 1895 2221 1958 Thes·

255 1980 415 2044 salis
443 1995 516 2044 se
543 1982 913 2044 crediturum
940 1979 1156 2056 fuisse,
1187 1983 1260 2044 in.
1271 1981 1534 2058 Philippi
1560 1995 1632 2044 se
1660 1985 2023 2056 potestatem
2056 1995 2219 2040 com·

256 2065 592 2128 missurum
620 2081 745 2126 non
767 2079 928 2127 esse.
977 2071 1311 2141 postquam
1330 2064 1619 2142 apparuit
1638 2065 1699 2126 vi
1720 2065 2045 2140 agendum,
2078 2062 2222 2140 quia

255 2148 586 2212 videbatur
615 2155 676 2211 et
694 2149 1050 2210 Limnaeum
1077 2150 1301 2212 eodem
1327 2155 1605 2225 tempore
1636 2147 1983 2225 oppugnari
2011 2163 2220 2222 posse,

252 2247 471 2309 regem
501 2233 584 2295 ad
605 2232 961 2294 Limnaeum
989 2232 1080 2294 ire
1105 2231 1362 2310 placuit,
1394 2232 1662 2294 Baebius
1692 2229 1914 2291 restitit
1938 2230 2019 2290 ad
2044 2229 2220 2290 Pelli-

253 2333 484 2378 naeum
511 2316 1018 2393 oppugnandum.

429 2401 587 2460 XIV.
623 2399 741 2461 Per
761 2416 874 2462 eos
898 2401 1056 2461 forte
1078 2401 1212 2462 dies
1233 2401 1333 2462 Μ’.
1350 2400 1589 2462 Acilius
1608 2399 1829 2460 consul
1851 2413 1991 2460 cum
2012 2397 2221 2473 viginti

253 2483 503 2546 milibus
529 2483 819 2561 peditum,
851 2482 1096 2545 duobus
1123 2483 1368 2546 milibus
1398 2483 1689 2560 equitum,
1722 2480 2072 2557 quindecim
2100 2482 2221 2541 ele-

253 2566 506 2644 phantis
553 2568 705 2629 mari
753 2568 1005 2628 traiecto
1055 2567 1362 2644 pedestris
1412 2567 1625 2643 copias
1668 2566 1944 2627 Larisam
1996 2566 2225 2626 ducere

253 2650 540 2714 tribunos
577 2651 830 2714 militum
868 2651 1079 2728 iussit,
1121 2651 1259 2728 ipse.
1292 2667 1432 2713 cum
1460 2650 1735 2726 equitatu
1758 2651 2113 2711 Limnaeum
2143 2648 2223 2708 ad

251 2733 605 2812 Philippu-m
625 2735 808 2796 venit.
842 2734 1113 2796 adventu
1134 2736 1409 2797 consulis
1432 2732 1661 2798 deditio
1685 2735 1819 2796 sine
1838 2733 2225 2796 cunctatione

255 2824 361 2880 est
378 2818 554 2895 tacta,
583 2819 992 2896 traditumque
1014 2819 1391 2897 praesidium
1409 2820 1663 2895 regium,
1694 2825 1757 2880 et
1778 2834 1915 2879 cum
1936 2817 2013 2878 iis
2033 2815 2222 2879 Atha-

253 2917 497 2964 manes.
553 2903 630 2964 ab
658 2903 949 2964 Limnaeo
976 2902 1349 2964 Pellinaeum
1392 2903 1608 2964 consul
1649 2901 2077 2978 proficiscitur.
2140 2899 2222 2960 ibi

253 2985 442 3061 primi
478 2986 856 3048 Athamanes
897 2987 1279 3050 tradiderunt
1318 3001 1491 3061 sese,
1542 2985 1767 3047 deinde
1806 2991 1868 3045 et
1904 2983 2225 3058 Philippus

252 3068 846 3146 Megalopolitanum
877 3069 976 3132 cui
989 3070 1312 3132 decedenti
1332 3069 1647 3146 praesidio
1671 3083 1810 3129 cum
1824 3066 2050 3129 obvius
2068 3066 2226 3126 forte

255 3153 479 3214 ruisset
495 3153 820 3231 Philippus
842 3169 972 3229 rex,
1001 3154 1083 3215 ad
1109 3150 1437 3214 ludibrium
1462 3165 1672 3227 regem
1690 3167 1831 3212 eum
1852 3149 2222 3212 consalutari

253 3237 468 3313 iussit,
509 3237 650 3314 ipse
689 3251 1070 3314 congressus
1113 3239 1361 3298 fratrem
1402 3235 1567 3296 haud
1599 3249 1751 3296 sane
1778 3233 2009 3294 decoro
2038 3233 2207 3291 maie

259 3318 404 3381 stati
447 3335 602 3384 suae
650 3321 789 3384 ioco
829 3322 1181 3399 appellavit.
1253 3321 1559 3382 deductus
1603 3317 1747 3378 inde
1785 3315 1866 3377 ad
1906 3317 2225 3378 consulem

255 3404 558 3466 custodiri
584 3405 814 3480 iussus,
841 3413 904 3467 et
928 3404 1092 3467 haud
1115 3405 1202 3467 ita
1219 3406 1407 3466 multo
1430 3408 1577 3479 post
1599 3401 1663 3461 in
1684 3401 1947 3462 vinculis
1968 3399 2225 3462 Romam

249 3485 510 3551 missus.
541 3496 746 3550 cetera
767 3489 1084 3550 multitudo
1110 3486 1519 3549 Athamanum
1539 3491 1647 3546 aut
1664 3485 1919 3546 militum
1939 3480 2228 3546 Antiochi
