2548 3950
1841 10 1866 41 0

403 215 529 280 320
688 215 917 275 mssa
947 212 1269 273 ΧΧΧνιιι.
1313 212 1476 273 cAP.
1504 221 1560 275 3.
1583 221 1635 275 4.
1675 191 1754 285 [a.
1780 214 2075 286 uaso&

406 369 715 446 philochia
756 376 1271 443 recepta-nam
1309 366 1510 426 fuerat
1552 363 1866 441 vquondam
1903 364 2369 431 Aetolorum—-

402 454 621 519 eadem
670 468 784 528 spe
832 451 899 523 in
938 448 1334 526 Aperantiam
1383 448 1926 517 transcenderunt:
1987 464 2064 509 ea
2117 467 2365 527 quoque

402 552 629 612 magna
665 553 744 597 ex
788 541 961 611 parte
990 536 1123 595 sine
1154 532 1482 593 certamine
1509 532 1570 591 in
1601 531 1974 593 deditionem
2005 534 2190 595 venit.
2249 534 2362 597 Do-

401 624 579 697 lopes
609 635 940 695 numquam
958 618 1320 679 Aetolorum
1347 618 1600 687 fuerant,
1637 612 1899 697 Philippi
1920 623 2111 677 erant.
2159 618 2220 678 hi
2249 618 2361 693 pri-

398 722 500 767 mo
545 705 623 767 ad
660 720 828 765 arma
860 706 1331 763 concurrerunt·
1387 706 1658 761 ceterum
1686 706 2020 778 postquam
2049 700 2361 777 Amphilo-

402 789 555 851 chos
600 803 741 849 cum
766 786 1005 849 Aetolis
1048 800 1189 845 esse
1229 785 1561 860 fugamque
1603 798 1681 843 ex
1711 782 2074 847 Athamania
2101 782 2358 861 Philippi

403 878 465 933 et
493 868 748 932 caedem
790 868 1083 945 praesidii
1126 868 1259 933 eius
1289 876 1620 943 accepere,
1667 871 1729 926 et
1755 864 1878 942 ipsi
1907 880 1953 928 a
1971 866 2267 958 Philippo
2287 870 2360 931 ad

396 956 657 1019 Aetolos
687 954 995 1027 deficiunt.
1044 952 1265 1029 quibus
1297 950 1702 1014 circumiectis
1731 948 2064 1023 gentibus
2045 966 2170 1014 iam
2187 933 2356 1013 undi

398 1054 519 1115 que
547 1056 619 1099 se
646 1055 686 1099 a
705 1037 1149 1099 Macedonibus
1172 1041 1338 1097 tutos
1362 1034 1750 1098 credentibus
1775 1048 1918 1093 esse
1940 1034 2178 1099 Aetolis
2205 1036 2362 1097 fama

398 1122 671 1183 adfertur
696 1120 1068 1181 Antiochum
1108 1120 1169 1178 in
1199 1120 1354 1180 Asia
1390 1117 1621 1179 victum
1651 1117 1727 1177 ab
1755 1116 2068 1187 Romanis.
2136 1134 2254 1180 nec
2283 1120 2361 1181 ita

397 1206 590 1267 multo
634 1212 781 1279 post
818 1205 1001 1277 legati
1040 1203 1118 1262 ab
1146 1204 1346 1265 Roma
1384 1201 1626 1263 rediere
1663 1200 1800 1263 sine
1843 1217 1958 1277 spe
1985 1202 2196 1277 pacis,
2227 1204 2357 1264 Ful-

395 1290 692 1365 viumque
712 1290 1031 1349 consulem
1054 1286 1402 1349 nuntiantes
1427 1302 1566 1347 cum
1589 1282 1864 1347 exercitu
1884 1284 2004 1345 iam
2021 1285 2356 1348 traiecisse.

396 1370 495 1432 his
523 1372 731 1445 territi,
761 1371 934 1447 prius
968 1372 1045 1433 ab
1074 1370 1296 1434 Rhodo
1325 1376 1389 1431 et
1413 1370 1672 1431 Athenis
1692 1368 2101 1445 legationibus
2127 1370 2356 1443 excitiS,

398 1462 463 1515 ut
500 1473 615 1531 per
654 1456 1075 1520 auctoritatem
1118 1470 1330 1516 earum
1369 1452 1698 1515 civitatium
1727 1468 1878 1514 suae
1911 1467 2134 1527 preces
2163 1470 2359 1529 nuper

395 1540 753 1613 repudiatae
783 1538 1119 1601 faciliorem
1148 1538 1378 1601 aditum
1405 1538 1486 1597 ad
1518 1544 1797 1599 senatum
1825 1536 2154 1610 haberent,
2199 1539 2354 1613 prin-

394 1622 565 1697 cipes
602 1624 801 1696 gentis
832 1624 911 1682 ad
941 1622 1356 1697 temptandam
1385 1638 1564 1696 spem
1591 1620 1860 1681 ultimam
1887 1620 2147 1682 Romam
2173 1622 2356 1683 mise—

392 1711 551 1781 runt,
580 1704 757 1777 nihil,
790 1720 865 1763 ne
893 1707 1119 1765 bellum
1146 1705 1472 1778 haberent,
1503 1705 1864 1779 priusquam
1892 1720 2093 1779 paene
2119 1705 2182 1764 in
2213 1721 2357 1767 con-

393 1796 613 1863 spectu
641 1788 839 1849 hostis
870 1796 1027 1861 erat,
1072 1789 1513 1863 praemeditati.
1565 1786 1684 1849 iam
1709 1788 1790 1847 Μ.
1820 1786 2072 1849 Fulvius
2101 1790 2358 1864 Apollo-

393 1872 552 1931 niam
596 1872 872 1933 exercitu
910 1872 1161 1936 traiecto
1202 1888 1342 1932 eum
1368 1870 1760 1947 Epirotarum
1798 1870 2182 1947 principibus
2216 1890 2358 1933 eon·

394 1952 683 2030 saltabat,
740 1957 906 2019 unde
960 1956 1187 2026 bellum
1242 1953 1561 2032 inciperet.
1641 1954 1910 2032 Epirotis
1965 1956 2358 2020 Ambraciam

396 2038 675 2116 placebat
702 2039 977 2116 adgredi,
1016 2057 1173 2116 quae
1204 2048 1330 2104 tum
1363 2039 1776 2102 contribuerat
1801 2056 1871 2100 se
1899 2041 2156 2102 Aetolis.
2229 2042 2358 2102 sive

394 2123 469 2184 ad
514 2124 807 2187 tuendam
847 2141 983 2186 eam
1026 2125 1302 2186 venirent
1327 2124 1562 2200 Aetoli,
1604 2131 1855 2200 apertos
1897 2124 2064 2188 circa
2097 2139 2357 2201 campos

386 2206 472 2266 ad
500 2207 915 2270 dimicandum
954 2223 1129 2280 csse;
1173 2209 1308 2270 sive
1337 2208 1743 2272 detractarent
1774 2203 2112 2284 certamen,
2155 2224 2362 2286 oppu-

288 2313 290 2316 <
389 2291 741 2366 gnationem
783 2293 915 2354 fore
956 2293 1123 2354 haud
1165 2291 1506 2354 difficilem:
1549 2308 1693 2354 nam
1733 2300 1799 2354 et
1837 2291 2080 2368 copiam
2121 2292 2181 2350 ἰιι
2215 2310 2360 2368 pro·

386 2374 623 2450 pinquo
663 2377 953 2438 materiae
994 2375 1075 2436 ad
1112 2392 1374 2452 aggeres
1415 2373 1776 2440 excitandos
1818 2382 1880 2437 et
1918 2383 2122 2436 cetera
2163 2391 2364 2454 opera

388 2473 561 2531 esse3
628 2466 691 2522 et
726 2459 1129 2534 Arachthum,
1172 2459 1581 2534 navigabilem
1621 2475 1888 2533 amnem,
1935 2464 2360 2535 opportunum

386 2541 470 2604 ad
519 2545 963 2619 comportanda
1014 2560 1173 2620 quae
1222 2543 1365 2606 usui
1415 2545 1568 2618 sint,
1627 2550 1872 2620 praeter
1920 2541 2062 2620 ipsa
2109 2543 2365 2607 moenia

386 2624 614 2698 fluere·
655 2636 721 2688 et
756 2634 1053 2688 aestatem
1092 2638 1295 2703 aptam
1322 2629 1412 2687 rei
1442 2627 1752 2705 gerendae
1780 2627 2024 2694 adesse.
2087 2627 2184 2688 his
2220 2643 2363 2704 per-

387 2717 731 2781 suaserunt,
761 2717 827 2772 ut
852 2726 966 2784 per
982 2709 1236 2785 Epirum
1266 2713 1534 2774 duceret.
1579 2711 1685 2772 IV.
1726 2712 1968 2774 consuli
1993 2709 2074 2772 ad
2094 2711 2364 2772 Ambra·

386 2789 546 2851 ciam
589 2792 939 2852 advenienti
978 2795 1182 2868 magni
1214 2797 1424 2870 operis
1457 2794 1836 2875 oppugnatio
1865 2793 2004 2855 visa
2032 2801 2144 2856 est.
2207 2797 2362 2856 Am-

384 2873 595 2934 bracia
634 2877 865 2938 tumulo
910 2893 1135 2952 aspero
1180 2877 1458 2942 subiecta
1497 2887 1622 2942 est:
1680 2878 2073 2940 Perranthem
2111 2879 2365 2941 incolae

382 2967 624 3020 vocant.
682 2961 860 3034 ιιι-113,
894 2977 1019 3038 qua
1044 2979 1256 3031 murus
1287 2964 1479 3039 vergit
1505 2963 1570 3027 in
1601 2978 1854 3038 campos
1883 2968 1943 3024 et
1970 2960 2220 3037 flumen,
2252 2979 2362 3024 oc

384 3042 718 3118 eicientem,
760 3062 901 3122 arX,
940 3061 1101 3121 quae
1140 3046 1432 3122 imposita
1458 3049 1840 3122 esttumu10,=
1883 3044 2179 3108 orientem
2210 3063 2362 3122 spe·
2424 3061 2457 3099 Ι

385 3133 524 3187 ctat.
570 3130 765 3189 amnis
786 3130 1137 3194 Arachthus
1161 3147 1241 3193 ex
1260 3131 1625 3202 Athamania
1651 3129 1852 3193 fluens
1877 3129 2041 3193 cadit
2060 3131 2121 3190 in
2145 3131 2362 3190 sinum
2512 3147 2513 3150 ¹

384 3209 571 3272 maris
611 3213 697 3274 ab
731 3215 981 3276 nomine
1017 3215 1406 3292 propinquae
1444 3215 1614 3280 urbis
1643 3215 2036 3278 Ambracium
2073 3215 2362 3290 appella-

382 3301 529 3354 tum.
592 3305 1027 3374 praeterquam
1070 3300 1240 3374 quod
1285 3299 1428 3366 hinc
1467 3299 1663 3360 amnis
1705 3299 1897 3362 munit
1937 3297 2077 3360 hinc
2111 3296 2359 3370 tumuli,

382 3391 559 3438 muro
592 3395 843 3456 quoque
871 3381 1047 3443 firmo
1078 3389 1296 3457 saepta
1323 3391 1472 3458 erat,
1501 3389 1751 3460 patente
1777 3382 1841 3442 in
1873 3381 2126 3446 circuitu
2153 3379 2358 3457 paulo

380 3459 645 3533 amplius
671 3463 787 3522 tria
816 3464 977 3524 milia
1005 3481 1321 3540 passuum
1361 3465 1612 3534 Fulvius
1641 3466 1787 3529 hina
1817 3483 1855 3528 a
1875 3480 2092 3541 campo
2116 3469 2354 3532 castra,
