2548 3950
637 238 870 299 LIBER
894 238 1131 298 xxxii.
1180 237 1346 298 cAP.
1371 246 1458 300 40.
1505 238 1576 315 [a.
1605 241 1822 318 c.197]
2109 239 2193 304 83

235 398 483 468 posset=
549 405 667 451 nec
714 395 1015 468 tyrannus
1068 388 1371 459 abnuere3
1435 390 1548 450 sed
1597 389 1880 453 deductis
1927 407 2007 450 ex
2044 389 2198 453 urbe

235 473 563 550 praesidiis
605 473 858 532 liberam
899 472 1277 547 contionem,
1319 489 1443 534 non
1473 472 1759 535 immixtis
1786 474 2197 536 Lacedaemo-

233 557 348 621 niis
394 557 869 630 declaraturam,
915 555 1064 632 quid
1104 555 1319 632 Argivi
1358 557 1614 631 vellent,
1654 558 1939 634 praeberi
1969 559 2198 620 debere

232 638 478 702 dicebat
515 655 658 700 rex=
704 645 1004 717 tyrannus
1048 641 1296 716 negavit
1323 641 1747 702 deducturum.
1814 641 1968 702 haec
1997 643 2196 702 disce-
2239 657 2242 662 ·

234 725 423 800 ptatio
467 723 603 784 sine
645 723 815 783 exitu
856 723 983 784 ruit.
1048 724 1130 783 de
1160 725 1472 799 colloquio
1506 725 1855 786 discessum
1884 725 2196 787 sexcentis

234 807 627 870 cretensibus
669 806 749 866 ab
791 811 1052 884 tyranno
1096 807 1256 869 datis
1285 807 1595 882 Romano,
1639 808 2014 885 indutiisque
2042 809 2200 871 inter

232 892 638 954 Nicostratum
679 898 1028 966 praetorem
1053 891 1445 952 Achaeorum
1486 897 1549 950 et
1571 891 2198 954 Lacedaemoniorum

232 973 563 1056 tyrannum
587 975 650 1034 in
681 979 968 1049 quattuor
996 988 1244 1035 menses
1274 974 1470 1036 factis.

398 1059 553 1120 Inde
581 1056 893 1132 Quinctius
925 1057 1274 1118 Corinthum
1317 1064 1414 1119 est
1450 1058 1797 1134 profectus,
1840 1067 1900 1121 et
1940 1061 2019 1120 ad
2052 1075 2195 1136 por-

230 1153 352 1204 tam
394 1158 535 1205 cum
575 1141 952 1203 Cretensium
995 1139 1249 1202 cohorte
1291 1142 1586 1216 accessit,
1627 1149 1694 1203 ut
1721 1142 1973 1204 Philocli
2019 1160 2186 1219 prae·

232 1229 393 1289 fecto
423 1225 593 1287 urbis
624 1231 952 1302 appareret
979 1232 1305 1303 tyrannum
1337 1242 1375 1286 a
1400 1225 1682 1301 Philippo
1713 1227 2013 1289 descisse.
2058 1226 2192 1287 Phi-

231 1312 425 1372 locles
467 1315 529 1370 et
567 1312 705 1384 ipse
746 1309 827 1369 ad
867 1308 1297 1384 imperatorem
1333 1311 1676 1371 Romanum
1716 1311 1778 1369 in
1821 1312 2193 1387 colloquium

238 1395 435 1468 venit,
477 1393 864 1468 hortantique
880 1439 895 1466 ,
938 1398 1005 1452 ut
1045 1394 1352 1468 extemplo
1396 1394 1681 1455 transiret
1712 1394 2048 1470 urbemque
2076 1401 2193 1454 tra·

232 1480 431 1553 deret,
474 1477 560 1537 ita
596 1477 947 1553 respondit,
987 1482 1057 1535 ut
1094 1476 1412 1537 distulisse
1450 1492 1582 1536 rem
1623 1477 1819 1553 magis
1865 1494 2047 1553 quam
2087 1492 2193 1538 ne-

230 1577 417 1638 gasse
446 1561 773 1622 videretur.
819 1576 857 1620 a
887 1559 1174 1621 Corintho
1204 1558 1519 1633 Quinctius
1549 1560 1908 1638 Anticyram
1937 1560 2192 1635 traiecit,

231 1645 375 1706 inde
422 1645 667 1705 fratrem
718 1644 799 1703 ad
845 1642 1259 1719 temptandam
1300 1644 1691 1706 Acarnanum
1730 1651 1973 1721 gentem
2014 1645 2190 1706 misit.

230 1729 471 1792 Attalus
514 1728 592 1788 ab
630 1728 815 1804 Argis
862 1725 1197 1804 Sicyonem
1236 1734 1334 1788 est
1375 1728 1710 1803 profectus.
1776 1729 1860 1791 ibi
1890 1737 1950 1790 ct
1978 1729 2192 1791 civitas

231 1813 411 1874 novis
437 1812 777 1873 honoribus
804 1817 1046 1871 veteres
1074 1811 1236 1887 regis
1266 1811 1536 1874 honores
1566 1813 1752 1886 auxit,
1796 1821 1858 1873 et
1883 1828 1994 1874 rex
2025 1815 2104 1873 ad
2132 1812 2190 1872 id

233 1896 403 1972 quod
445 1911 691 1957 sacrum
717 1893 1022 1970 Apollinis
1064 1911 1277 1970 agrum
1318 1896 1534 1972 grandi
1579 1897 1888 1972 quondam
1931 1895 2195 1972 pecunia

230 1981 573 2060 redemerat
624 1980 730 2053 iis,
780 1986 908 2041 tum
950 1995 1199 2055 quoque
1238 1995 1319 2040 ne
1361 1980 1496 2041 sine
1537 1981 1745 2057 aliqua
1783 1980 2196 2042 munificentia

234 2064 590 2141 praeteriret
618 2063 920 2141 civitatem
948 2064 1181 2126 sociam
1208 2070 1393 2139 atque
1421 2064 1695 2138 amicam,
1728 2064 1944 2125 decem
1969 2066 2195 2125 talenta

232 2149 472 2224 argenti
512 2149 675 2208 dono
724 2147 892 2208 dedit
932 2154 994 2209 ct
1033 2147 1246 2207 decem
1289 2147 1453 2208 milia
1489 2149 1863 2209 medimnum
1887 2147 2194 2222 frumenti.

230 2239 421 2310 atque
447 2232 532 2293 ita
551 2231 896 2293 Cenchreas
926 2231 1005 2291 ad
1028 2246 1221 2292 naves
1241 2229 1419 2290 redit.
1460 2238 1520 2290 et
1537 2230 1727 2291 Nabis
1750 2232 1990 2292 firmato
2015 2244 2191 2304 prae·

162 2329 170 2336 ·
233 2318 393 2378 sidio
436 2315 622 2391 Argis
672 2314 1195 2376 Lacedaemonem
1244 2328 1604 2388 regressuS‚
1657 2329 1793 2375 cum
1838 2314 1974 2389 ipse
2023 2312 2192 2372 viros

233 2402 595 2477 spoliasset,
633 2399 713 2459 ad
740 2397 999 2459 feminas
1030 2396 1391 2474 spoliandas
1419 2412 1678 2459 uxorem
1708 2398 1913 2473 Argos
1940 2395 2192 2458 remisit.

232 2501 307 2547 ea
334 2500 499 2545 nunc
540 2483 813 2558 singulas
848 2480 1115 2544 illustres
1144 2496 1310 2541 nunc
1339 2479 1519 2541 simul
1544 2483 1756 2556 plures
1786 2496 2012 2556 genere
2040 2481 2195 2540 inter

234 2586 303 2630 se
342 2569 583 2630 iunctas
640 2566 1013 2627 arcessendo
1062 2564 1560 2640 blandiendoque
1610 2582 1684 2626 ac
1730 2566 2018 2625 minando
2068 2579 2192 2624 non

234 2669 448 2714 aurum
465 2650 652 2712 modo
676 2649 750 2711 iis
774 2648 888 2711 sed
909 2655 1221 2725 postremo
1244 2654 1480 2709 vestem
1505 2665 1753 2726 quoque
1773 2651 2192 2722 mundumque

233 2752 473 2798 omnem
502 2733 859 2795 muliebrem
889 2733 1131 2794 ademit.

883 3000 1163 3097 Tl'l'l
1251 2998 1536 3093 Livi

732 3153 847 3215 AB
909 3149 1171 3214 URBE
1235 3146 1698 3208 CONDITA

943 3264 1167 3327 LIBER
1205 3258 1474 3324 XXXIII.

263 3437 564 3490 EPITOME.
622 3438 680 3487 T.
706 3436 965 3496 Quinctius
984 3435 1292 3484 Flamininus
1315 3426 1585 3496 proconsul
1615 3442 1728 3478 cum
1744 3426 1980 3493 Philippo
2012 3426 2080 3477 ad
2101 3424 2193 3491 Gy·

334 3504 676 3574 noscephalas
707 3504 761 3555 in
776 3503 1042 3555 Thessalia
1075 3503 1181 3553 acie
1214 3502 1346 3551 victo
1373 3496 1660 3551 debellavit.
1709 3498 1770 3548 L.
1800 3496 2060 3557 Quinctius
2077 3493 2191 3545 Fla·

1693 3565 1776 3629 ⁶*
