2548 3950
351 244 474 311 160
497 244 726 304 LIBER
739 243 1006 302 XXXIV.
1025 241 1191 301 CAP.
1206 248 1296 302 41.
1312 245 1400 300 42.
1416 245 1505 299 43.
1535 245 1608 312 [a.
1624 243 1697 297 U.
1714 261 1760 296 ο.
1774 245 1897 302 557.
1914 258 1965 302 a.
1981 241 2188 310 e.195]

349 405 612 477 tyranno
635 392 905 454 relictam
919 392 1476 458 Lacedaemonerm
1508 405 1717 466 regem
1740 389 1943 451 autem
1962 389 2318 470 legitimum,

351 481 458 558 qui
498 481 558 540 in
597 477 893 538 Romanis
945 476 1124 536 suerit
1175 474 1395 536 castris
1416 521 1432 548 ,
1484 479 1853 548 ceterosque
1894 474 2317 540 nobilissimos

350 565 518 625 cives
558 563 618 622 in
650 561 868 622 exsilio
899 561 1203 628 victuros;
1244 559 1497 618 Nabidis
1555 555 1929 618 dominantis
1996 558 2320 622 satellitem

348 649 574 709 sactum
631 646 928 722 populum
984 644 1348 704 Romanum.
1430 641 1745 716 Quinctius
1810 640 1887 701 ab
1936 641 2123 717 Argis
2178 641 2317 704 Ela-

347 733 521 805 tiam,
565 729 729 790 unde
764 729 846 789 ad
871 728 1099 788 bellum
1133 726 1499 802 Spartanum
1544 726 1862 800 profectus
1893 733 2054 801 erat,
2098 727 2315 802 copias

345 815 609 876 reduxit.

519 896 674 958 Sunt
715 897 820 973 qui
855 912 979 956 non
1023 911 1102 954 ex
1133 894 1368 970 oppido
1397 893 1893 969 proficiscentem
1922 893 2149 955 bellum
2176 909 2319 970 ges-

349 983 510 1044 sisse
535 989 864 1059 tyrannum
890 978 1150 1054 tradant,
1182 979 1296 1038 sed
1329 977 1547 1038 castris
1580 977 1881 1040 adversus
1904 977 2183 1039 Romana
2205 994 2319 1053 po·

347 1067 480 1128 sitis
530 1071 768 1136 castra3
833 1065 1064 1139 diuque
1107 1066 1453 1123 cunctatum
1503 1059 1649 1136 quia
1688 1061 2049 1139 Aetolorum
2092 1063 2321 1124 auxilia

348 1154 808 1225 exspectasset,
853 1154 1133 1209 coactum
1174 1147 1255 1206 ad
1299 1150 1637 1206 extremum
1682 1145 1815 1206 acie
1844 1143 2178 1220 confligere
2207 1146 2318 1207 im·

347 1240 497 1310 petu
535 1233 596 1292 in
641 1231 1036 1308 pabulatores
1093 1245 1244 1292 suos
1290 1228 1366 1289 ab
1416 1228 1712 1290 Romanis
1763 1230 1957 1300 iact03
2016 1245 2091 1290 eo
2135 1246 2313 1305 proe-

347 1317 428 1377 lio
471 1316 696 1377 victum
748 1315 1094 1391 castrisque
1145 1320 1397 1374 exutum
1446 1327 1663 1387 pacem
1712 1313 1978 1388 petisse,
2034 1330 2171 1374 cum
2216 1330 2315 1376 ce-

349 1401 644 1461 cidissent
683 1399 1034 1476 quindecim
1079 1398 1243 1458 milia
1284 1397 1567 1473 militurn,
1624 1405 1804 1472 capta
1845 1399 1986 1472 plus
2030 1404 2319 1474 quattuor

348 1484 510 1545 milia
539 1490 768 1543 essent.

513 1567 689 1626 XLII.
729 1567 966 1626 Eodem
997 1567 1124 1624 rere
1153 1572 1433 1640 tempore
1461 1571 1521 1624 et
1550 1579 1587 1624 a
1614 1563 1679 1624 T.
1714 1565 1990 1640 Quinctio
2022 1565 2101 1625 de
2128 1565 2319 1627 rebus

321 1650 426 1709 ad
469 1651 992 1710 Lacedaemonem
1032 1650 1223 1723 gestis
1269 1657 1328 1709 et
1368 1665 1407 1708 a
1433 1647 1513 1706 M.
1543 1647 1763 1713 Porcio
1809 1649 2065 1710 consule
2105 1663 2182 1709 ex
2210 1649 2317 1709 Hi·

349 1733 564 1807 spania
606 1733 840 1792 litterae
881 1734 1137 1792 adlatae.
1197 1733 1521 1807 utriusque
1563 1733 1807 1792 nomine
1848 1733 1910 1793 in
1942 1733 2074 1793 dies
2104 1738 2318 1794 ternos

271 1879 276 1882 ,
349 1817 711 1891 supplicatio
743 1814 817 1874 ab
849 1823 1066 1876 senatu
1099 1816 1349 1876 decreta
1378 1822 1491 1876 est.
1534 1817 1600 1875 L.
1623 1817 1911 1877 Valerius
1935 1817 2151 1878 consul
2175 1831 2319 1877 cum

351 1906 494 1975 post
535 1901 708 1960 fusos
753 1899 913 1959 circa
940 1898 1212 1958 Litanam
1255 1899 1478 1958 sil‘vam
1518 1899 1709 1958 Boios
1761 1901 2027 1975 quietam
2068 1901 2324 1977 provin-

351 1985 506 2045 ciam
533 1984 881 2059 habuisset,
913 1980 1293 2044 comitiorum
1324 1997 1517 2042 causa
1541 1984 1801 2045 Romam
1829 1983 2026 2061 rediit,
2057 1993 2118 2045 et
2146 2000 2320 2046 crea·

348 2068 434 2128 vit
463 2069 752 2129 consules
780 2066 846 2127 P.
879 2066 1222 2128 Cornelium
1253 2064 1605 2141 Scipionem
1632 2068 1989 2129 Africanum
2017 2069 2233 2129 iterum
2257 2076 2322 2131 et

347 2152 433 2212 Ti.
464 2150 894 2229 Sempronium
921 2152 1217 2226 Longum.
1283 2149 1503 2211 horum
1545 2157 1751 2227 patres
1794 2153 1992 2227 primo
2022 2168 2183 2213 anno
2214 2168 2318 2213 se-

351 2237 532 2306 cundi
553 2236 761 2296 Punici
790 2236 934 2297 belli
960 2236 1248 2296 consules
1272 2234 1537 2295 fuerunt.
1570 2236 1881 2310 praetoria
1901 2236 2046 2298 inde
2069 2235 2319 2298 comitIa

347 2320 585 2380 habita:
649 2321 836 2381 creati
875 2320 942 2379 P.
985 2320 1301 2382 Cornelius
1346 2316 1557 2393 Scipio
1596 2325 1655 2380 et
1706 2319 1829 2382 duo
1875 2320 1979 2381 Cn'.
2032 2320 2317 2395 Cornelii,

289 2438 294 2441 -
347 2404 644 2465 Merenda
672 2412 732 2465 et
759 2405 966 2464 Blasio
983 2450 998 2476 ,
1043 2410 1104 2463 et
1133 2402 1236 2463 Cn.
1265 2402 1567 2463 Domitius
1596 2402 2050 2466 Ahenobarbus
2077 2410 2139 2465 et
2168 2403 2321 2466 Sex.

349 2486 608 2562 Digitius
639 2494 698 2547 et
725 2488 788 2545 T.
820 2486 1133 2548 Iuventius
1163 2486 1413 2546 Thalna.
1487 2487 1746 2548 comitiis
1776 2489 2065 2564 perfectis
2098 2490 2317 2550 consul

349 2570 410 2630 in
439 2570 822 2645 provinciam
850 2568 1050 2631 rediit.

516 2655 756 2715 Novum
794 2654 892 2715 ius
937 2670 1012 2715 eo
1044 2672 1202 2715 anno
1234 2670 1273 2715 a
1298 2654 1785 2717 Ferentinatibus
1817 2664 2204 2733 temptatum,
2244 2664 2321 2719 ut

345 2737 558 2811 Latini,
593 2738 697 2814 qui
725 2738 784 2798 in
818 2738 1118 2801 coloniam
1138 2742 1481 2801 Romanam
1508 2739 1755 2802 nomina
1777 2741 2114 2821 dedissent,
2145 2742 2319 2803 cives

347 2822 607 2882 Romani
653 2830 879 2883 essent.
944 2824 1234 2887 Puteolos
1267 2822 1712 2901 Salernumque
1742 2831 1804 2887 et
1827 2826 2175 2887 Buxentum
2204 2826 2318 2886 ad-

348 2905 561 2981 scripti
591 2908 822 2982 coloni,
869 2909 971 2983 qui
1002 2910 1250 2970 nomina
1276 2908 1590 2985 dederant,
1636 2918 1697 2972 et
1725 2926 1865 2971 cum
1896 2910 1974 2972 ob
2006 2910 2069 2971 id
2096 2926 2166 2971 se
2196 2926 2317 2986 pro

349 2989 584 3051 civibus
615 2991 907 3052 Romanis
951 2994 1208 3065 ferrent,
1252 2998 1505 3054 senatus
1547 2994 1840 3056 iudicavit,
1875 3012 1998 3057 non
2028 3010 2171 3056 esse
2200 3010 2319 3055 eos

349 3074 502 3135 civis
535 3076 875 3137 Romanos.

515 3158 718 3221 XLIII.
759 3159 1065 3235 Principio
1097 3160 1240 3221 anni
1272 3178 1395 3237 quo
1419 3161 1483 3221 P.
1512 3162 1719 3240 Scipio
1744 3164 2071 3225 Africanus
2094 3164 2317 3225 iterum

343 3242 408 3303 ‘et
432 3241 517 3302 Ti.
545 3242 944 3319 Sempronius
968 3244 1217 3320 Longus
1250 3248 1537 3308 consules
1564 3249 1823 3320 fuerunt,
1855 3249 2037 3323 legati
2058 3247 2320 3309 Nabidis

347 3326 588 3402 tyranni
619 3326 875 3388 Romam
918 3337 1227 3390 venerunt.
1291 3330 1367 3391 iis
1398 3337 1572 3392 extra
1598 3332 1813 3395 urbem
1841 3332 1903 3392 in
1934 3331 2090 3393 aede
2116 3332 2316 3407 Apob

349 3408 484 3503 linis
515 3416 764 3471 senatus
797 3411 977 3481 datus
1005 3420 1117 3473 est.
1163 3429 1289 3487 pax
1318 3430 1478 3490 quae
1508 3431 1647 3477 cum
1674 3418 1739 3475 T.
1772 3414 2051 3491 Quinctio
2081 3430 2323 3478 conve-

299 3498 304 3505 ’
351 3498 570 3562 nisset,
615 3501 680 3583 ut
717 3500 849 3553 rata
891 3503 1085 3571 esset,
1130 3496 1432 3571 petierunt
1458 3498 2003 3577 impetraruntque.
2062 3500 2141 3561 de
2168 3515 2325 3575 pro-
