2548 3950
476 229 708 289 L1BER
733 228 1004 289 xxxvi.
1052 228 1218 289 cAP.
1245 236 1555 293 measa.
1603 237 1675 305 [a.
1702 236 1767 289 c.
1795 234 1917 311 ιω]
2046 234 2174 298 249

199 396 641 445 successorem
663 380 840 441 misit.
884 380 1118 441 XXXII.
1164 381 1216 441 is
1245 389 1389 457 post
1411 383 1617 459 rugam
1640 385 1717 444 ab
1737 385 2164 467 Thermopylis

197 465 492 527 Antiochi
520 464 1112 544 Amynandrumque
1141 481 1179 525 a
1205 464 1486 541 Philippo
1506 466 1873 529 Athamania
1900 475 2164 547 pulsum,

197 549 415 612 missis
442 550 600 609 ultro
629 549 710 608 ad
739 546 1100 623 Diophanen
1143 556 1491 624 praetorem
1521 549 1906 614 Achaeorum
1938 559 2166 617 nuntiis

195 633 466 711 pecunia
512 639 731 707 pactus
779 632 1040 693 insulam
1081 632 1350 693 Achaeis
1394 633 1659 695 tradidit.
1724 634 1789 695 id
1827 643 2162 711 praemium

193 716 346 779 belli
393 730 573 777 suum
617 730 761 775 esse
802 730 1070 791 aequum
1113 717 1451 778 censebant
1487 716 1778 778 Romania
1830 734 1954 781 non
2006 725 2162 781 enim

193 801 300 861 Μ’.
330 799 594 860 Acilium
635 800 950 861 consulem
993 798 1398 875 legionesque
1432 801 1743 862 Romanas
1769 802 2072 879 Diophani
2106 815 2164 865 et

192 882 468 946 Achaeis
497 882 579 943 ad
604 883 1053 960 Thermopylas
1083 898 1417 959 pugnasse.
1471 883 1828 960 Diophanes
1858 889 2160 949 adversus

191 968 354 1029 haec
383 981 649 1043 purgare
676 965 980 1029 interdum
1009 980 1154 1027 sese
1181 973 1568 1044 gentemque,
1597 967 1899 1030 interdum
1924 973 2000 1029 de
2032 973 2160 1031 iure

192 1050 342 1113 facti
384 1049 710 1112 disserere.
767 1049 1020 1127 quidam
1053 1050 1446 1113 Achaeorum
1483 1058 1544 1112 et
1570 1050 1739 1114 initio
1768 1068 1903 1113 eam
1932 1069 2004 1113 se
2034 1073 2160 1113 rem

191 1141 567 1212 aspernatos
597 1135 993 1209 testabantur,
1020 1141 1091 1215 et,
1117 1140 1263 1195 tunc
1290 1134 1686 1211 pertinaciam
1717 1135 2160 1213 increpitabant

193 1218 537 1295 praetoris;
576 1216 1057 1294 auctoribusque
1084 1219 1159 1280 iis
1189 1219 1501 1281 decretum
1536 1227 1660 1295 est,
1691 1228 1759 1281 ut
1780 1217 1850 1281 T.
1882 1219 2160 1295 Quinctio

192 1319 274 1364 ea
311 1317 414 1363 res
457 1302 922 1377 permitteretur.
986 1310 1115 1364 erat
1144 1301 1458 1376 Quinctius
1500 1301 1661 1364 sicut
1684 1305 2156 1367 adversantibus

191 1400 401 1463 asper,
433 1386 532 1460 ita,
565 1385 620 1446 si
647 1387 922 1460 cederes,
953 1383 1116 1446 idem
1147 1384 1483 1461 placabilis.
1544 1387 1776 1447 omiSsa
1803 1387 1982 1461 igitur
2014 1405 2154 1449 con—

191 1470 467 1532 tentione
507 1468 684 1531 vocis
719 1470 1052 1545 vultusque
1093 1471 1189 1544 „si
1229 1467 1477 1531 utilem“
1515 1470 1714 1544 inquit
1761 1475 2149 1545 „possessio-

191 1569 336 1615 nem
366 1553 502 1614 eius
543 1552 781 1613 insulae
823 1568 1142 1615 censerem
1180 1552 1448 1635 Achaeis
1490 1568 1667 1627 esse,
1708 1561 1922 1614 auctor
1952 1571 2156 1615 essem

191 1637 436 1700 senatui
465 1639 825 1713 populoque
852 1635 1130 1699 Romano
1149 1684 1163 1710 ,
1202 1644 1272 1698 ut
1300 1650 1437 1697 eam
1465 1652 1580 1697 vos
1609 1636 1839 1699 habere
1865 1639 2150 1699 sinerent.

192 1728 465 1783 ceterum
506 1719 666 1782 sicut
704 1721 1100 1794 testudinem,
1143 1718 1250 1783 ubi
1288 1721 1545 1782 collecta
1573 1721 1634 1780 in
1663 1736 1842 1782 suum
1872 1728 2153 1797 tegumen

191 1812 321 1879 est,
366 1811 554 1867 tutam
593 1805 676 1865 ad
716 1804 914 1865 omnis
953 1804 1112 1866 ictus
1141 1804 1325 1865 video
1354 1819 1531 1879 esse,
1572 1803 1680 1865 ubi
1708 1804 1938 1865 exserit
1964 1807 2157 1879 partis

192 1889 466 1965 aliquas,
499 1889 936 1964 quodcumque
961 1888 1233 1963 nudavit,
1276 1888 1611 1950 obnoxium
1636 1894 1825 1963 atque
1851 1887 2154 1947 infirmum

192 1972 454 2036 habere=
495 1971 664 2033 haud
701 1971 1075 2034 dissimiliter
1101 1990 1247 2048 voS,
1291 1971 1555 2046 Achaei,
1600 1972 1851 2034 clausos
1885 1973 2156 2047 undique

191 2057 365 2132 mari,
396 2071 557 2134 quae
584 2055 741 2118 intra
760 2056 1170 2134 Peloponnesi
1199 2062 1344 2118 sunt
1370 2056 1681 2131 terminos,
1713 2071 1787 2118 ea
1814 2062 1876 2116 et
1902 2057 2158 2131 iungere

191 2141 375 2202 vobis
420 2147 481 2201 et
521 2140 726 2201 iuncta
764 2141 920 2201 tueri
949 2141 1158 2212 facile3
1198 2139 1378 2201 simul
1406 2139 1693 2202 aviditate
1724 2141 1900 2217 plura
1928 2144 2154 2216 ample—

194 2225 398 2288 ctendi
439 2225 582 2285 hinc
622 2223 968 2300 excedatis,
1009 2223 1176 2284 nuda
1201 2223 1383 2286 vobis
1413 2223 1615 2285 omnia
1644 2238 1804 2299 quae
1833 2230 2004 2284 extra
2036 2226 2156 2284 sint

192 2317 253 2371 et
279 2308 569 2385 exposita
608 2308 686 2367 ad
716 2323 932 2370 omnes
964 2307 1122 2369 ictus
1153 2311 1359 2370 esse.“
1414 2305 1781 2368 adsentienti
1810 2308 1972 2366 omni
2008 2324 2152 2366 con—

191 2393 333 2454 cilio
361 2408 478 2453 nee
500 2391 820 2468 Diophane
846 2393 1004 2454 ultra
1031 2391 1284 2453 tendere
1308 2407 1461 2453 auso
1482 2390 1835 2470 Zacynthus
1856 2388 2156 2450 Romanis

193 2476 466 2539 traditur.

358 2559 623 2622 XXXIII.
666 2561 783 2620 Per
808 2559 971 2620 idem
999 2566 1243 2634 tempus
1269 2557 1586 2634 Philippus
1614 2572 1728 2619 rex
1753 2557 2156 2633 proficiscen-

191 2652 312 2707 tem
341 2645 660 2706 consulem
687 2645 768 2704 ad
797 2643 1174 2720 Naupactum
1203 2647 1671 2718 percunctatuS‚
1713 2641 1767 2702 si
1797 2657 1869 2702 se
1895 2640 2152 2712 interim,

193 2744 356 2805 quae
404 2726 780 2789 defecissent
819 2728 896 2787 ab
940 2726 1233 2799 societate
1283 2727 1587 2798 Romana,
1640 2724 1827 2786 urbes
1875 2726 2156 2798 recipere

191 2813 410 2885 vellet,
456 2811 839 2889 permittente
880 2827 954 2873 eo
999 2812 1080 2872 ad
1118 2809 1567 2872 Demetriadem
1608 2809 1824 2886 copias
1865 2810 2152 2878 admovit,

190 2895 358 2957 haud
401 2895 650 2971 ignarus
691 2903 919 2972 quanta
946 2896 1028 2956 ibi
1075 2902 1203 2957 tum
1233 2893 1610 2971 perturbatio
1640 2898 1828 2955 esset.
1883 2892 2152 2952 destituti

191 2978 358 3040 enim
402 2979 480 3039 ab
511 2979 673 3041 omni
711 2995 857 3056 spe,
903 2995 1041 3041 cum
1083 2980 1366 3041 desertos
1394 2992 1467 3038 se
1494 2978 1574 3037 ab
1601 2975 1936 3046 Antiocho,
1980 2992 2154 3046 spem

189 3063 422 3125 nullam
445 3061 512 3123 in
546 3063 777 3126 Aetolis
807 3079 950 3124 esse
979 3068 1315 3133 cernerent,
1352 3061 1486 3121 dies
1514 3064 1856 3132 noctesque
1884 3064 1988 3115 aut
2018 3056 2152 3114 Phi-

189 3147 346 3224 lippi
385 3146 583 3209 hostis
624 3148 952 3208 adventum
992 3152 1096 3207 aut
1123 3142 1499 3204 infestiorem
1528 3141 1740 3216 etiam,
1780 3154 1903 3214 quo
1934 3140 2154 3198 iustius

189 3231 328 3293 irati
371 3238 575 3304 erant,
615 3232 1031 3293 Romanorum
1059 3224 1521 3303 exspectabant.
1591 3222 1771 3285 turba
1799 3230 1928 3283 erat
1952 3222 2036 3282 ibi
2068 3224 2153 3280 in—

191 3315 442 3376 condita
487 3313 826 3389 regiorum,
879 3310 985 3390 qui
1026 3310 1221 3388 primo
1262 3308 1446 3387 pauci
1485 3307 1546 3369 in
1588 3303 1899 3384 praesidio
1942 3306 2154 3376 relicti,

191 3404 417 3474 postea
443 3399 686 3473 plures,
729 3395 1010 3474 plerique
1036 3396 1303 3456 inermes
1334 3409 1413 3454 ex
1441 3390 1680 3469 proelio
1714 3389 1978 3450 adverso
2012 3392 2156 3464 suga

190 3481 408 3557 delati,
438 3496 556 3541 nec
582 3480 801 3543 virium
829 3496 945 3542 nec
973 3478 1157 3540 animi
1187 3476 1338 3540 satis
1370 3477 1451 3537 ad
1478 3474 1864 3539 obsidionem
1893 3476 2154 3534 toleran-
