2548 3950
537 175 768 236 LIBER
795 173 1088 235 XXXVII.
1138 176 1303 238 CAP.
1333 183 1529 238 3132.
1579 184 1650 251 [a.
1679 183 1744 240 c,
1774 185 1895 252 190]
2066 179 2196 243 289

194 332 353 394 iere
373 355 393 403 3
440 336 627 408 atque
654 346 731 391 eo
757 344 1005 404 quoque
1029 329 1216 390 iuncti
1241 329 1466 402 officio,
1495 337 1623 392 tum
1646 331 1887 392 demum
1909 331 2194 396 Rhodum

190 415 490 478 rediere.
553 412 775 475 classis
815 413 1095 474 Romana
1136 413 1213 472 ab
1256 412 1406 473 Chio
1435 413 1778 475 Phocaeam
1817 417 2070 478 traiecit.
2129 419 2192 477 in

191 500 362 562 sinu
392 497 581 558 maris
623 497 833 558 intimo
876 496 1081 572 posita
1118 496 1273 556 haec
1315 497 1472 558 urbs·
1501 504 1624 572 est,
1670 497 1936 574 oblonga
1978 499 2191 560 forma.

195 585 415 644 duum
454 581 685 640 milium
726 586 787 640 et
828 581 1296 658 quingentorum
1337 597 1634 656 passuum
1679 583 1940 657 spatium
1981 599 2196 645 murus

197 665 638 743 amplectitur3
703 664 829 726 coit
874 664 1098 724 deinde
1138 681 1219 725 ex
1266 670 1526 741 utraque
1573 673 1747 741 parte
1799 667 1860 725 in
1911 667 2194 728 artiorem

194 752 391 811 velut
418 763 705 810 cuneume
746 748 1072 822 Lamptera
1097 747 1218 824 ipsi
1240 751 1568 823 appellant.
1615 749 1775 810 mille
1805 758 1866 812 et
1893 751 2194 811 ducentos

200 849 454 910 passus
498 833 581 892 ibi
621 830 875 892 latitudo
908 837 1103 906 patet3
1147 832 1292 891 inde
1319 833 1379 892 in
1409 835 1595 893 altum
1627 833 1832 908 lingua
1858 835 2022 894 mille
2048 851 2192 910 pas-

203 933 404 979 suum
436 929 773 977 excurrens
805 915 1069 976 medium
1100 917 1229 975 fere
1259 915 1460 976 sinum
1493 918 1659 977 velut
1687 924 1832 978 nota
1861 918 2192 992 distinguit,

202 1001 325 1062 ubi
370 999 661 1061 cohaeret
700 999 981 1060 faucibus
1012 1000 1322 1076 angustis,
1367 1001 1526 1060 duos
1555 1001 1614 1060 in
1647 1008 1964 1076 utramque
1993 1001 2192 1076 regio-

214 1100 369 1144 nem
400 1098 617 1144 versos
652 1089 865 1160 portus
893 1084 1233 1144 tutissimos
1262 1083 1466 1144 habet.
1509 1085 1697 1159 quiin
1719 1083 2034 1144 meridiem
2053 1101 2192 1146 ver-

208 1169 337 1242 git,
367 1167 806 1242 Naustathmon
838 1167 915 1227 ab
952 1183 1020 1226 re
1052 1168 1396 1243 appellant,
1428 1169 1572 1242 quia
1600 1162 1904 1243 ingentem
1931 1168 2052 1228 vim
2084 1185 2190 1230 na-

210 1251 395 1312 vium
424 1252 615 1326 capit3
661 1252 813 1312 alter
842 1266 1041 1326 prope
1070 1253 1272 1326 ipsum
1297 1251 1623 1326 Lamptera
1651 1258 1764 1312 est.
1807 1250 2043 1311 XXXII.
2074 1253 2192 1314 hos

210 1343 442 1411 portus
472 1334 809 1396 tutissimos
840 1350 978 1396 cum
1008 1343 1382 1410 occupasset
1407 1335 1956 1407 Romana-classiS,
1989 1337 2190 1410 prius-

218 1435 417 1496 quam
459 1426 563 1479 aut
604 1419 789 1481 scalis
819 1425 922 1478 aut
951 1418 1243 1494 operibus
1272 1418 1521 1479 moenia
1547 1419 2015 1493 adgrederetur,
2059 1420 2190 1481 mit-

210 1503 447 1566 tendos
470 1503 707 1565 censuit
727 1510 973 1578 praetor
988 1501 1095 1578 qui
1109 1502 1454 1578 principum
1466 1501 2048 1578 magistratuumque
2065 1504 2190 1563 ani-

214 1603 361 1648 mos
392 1591 773 1661 temptarent.
820 1592 1148 1662 postquam
1172 1586 1516 1647 obstinatos
1547 1585 1712 1661 vidit,
1745 1586 1987 1647 duobus
2011 1587 2190 1647 simul

216 1672 380 1732 locis
410 1683 773 1746 oppugnare
802 1676 899 1729 est
925 1669 1197 1732 adortus.
1244 1671 1437 1731 altera
1463 1686 1612 1747 pars
1641 1670 1997 1746 infrequens
2021 1669 2161 1732 aedi

220 1754 382 1816 ficiis
434 1762 593 1822 erat3
658 1754 886 1829 templa
934 1753 1116 1814 deum
1166 1755 1542 1830 aliquantum
1579 1753 1869 1816 tenebant
1905 1754 2056 1816 loci:
2117 1769 2192 1815 ea

222 1839 397 1914 prius
450 1837 638 1897 ariete
688 1838 934 1898 admoto
995 1845 1247 1915 quatere
1297 1856 1508 1902 muros
1573 1846 1899 1913 turresque
1953 1838 2189 1913 coepit3

224 1921 366 1983 dein
398 1937 535 1983 cum
565 1937 639 1982 eo
670 1921 985 1983 multitudo
1016 1930 1372 1984 occurreret
1390 1924 1470 1984 ad
1494 1922 1966 1997 defendendum,
1999 1921 2192 1983 altera

226 2022 475 2083 quoque
503 2013 677 2081 parte
718 2006 999 2066 admotus
1032 2005 1225 2065 aries=
1269 2013 1330 2066 et
1357 2008 1478 2066 iam
1504 2007 1806 2082 utrimque
1833 2004 2189 2067 sterneban-

224 2099 326 2153 tur
351 2090 523 2151 muri.
568 2090 647 2149 ad
680 2106 939 2163 quorum
969 2105 1181 2150 casum
1213 2107 1351 2149 cum
1377 2091 1668 2165 impetum
1689 2090 1947 2151 Romani
1969 2089 2188 2149 milites

227 2190 341 2251 per
387 2175 587 2249 ipsam
627 2179 893 2247 stragem
932 2174 1241 2233 ruinarum
1283 2176 1585 2247 facerent,
1642 2175 1741 2233 alii
1783 2174 1967 2233 scalis
2010 2174 2192 2231 etiam

230 2274 559 2319 ascensum
596 2258 659 2317 in
699 2272 910 2317 muros
949 2263 1346 2331 temptarent,
1391 2258 1547 2318 adeo
1579 2256 1886 2318 obstinate
1911 2255 2191 2314 restitere

232 2342 543 2419 oppidani,
573 2346 641 2400 ut
668 2340 844 2400 facile
874 2345 1203 2416 appareret
1226 2339 1366 2415 plus
1389 2340 1450 2400 in
1475 2340 1660 2401 armis
1683 2345 1745 2399 et
1763 2338 1984 2399 virtute
2007 2354 2187 2414 quam

231 2428 294 2487 in
332 2423 651 2485 moenibus
694 2424 902 2483 auxilii
938 2438 1105 2484 esse.
1173 2430 1423 2485 coactus
1465 2439 1610 2499 ergo
1643 2422 1914 2499 periculo
1938 2422 2190 2483 militum

232 2515 475 2587 praetor
507 2506 783 2582 receptui
814 2508 950 2567 cani
977 2506 1183 2582 iussit,
1226 2522 1306 2567 ne
1336 2508 1607 2569 obiceret
1631 2508 1909 2568 incautos
1941 2506 2186 2566 furenti-
2263 2513 2272 2521 ·

231 2595 348 2655 bus
378 2590 808 2667 desperatione
836 2606 910 2651 ac
938 2590 1127 2652 rabie.
1174 2591 1474 2667 dirempto
1505 2592 1760 2667 proelio,
1789 2604 1869 2650 ne
1897 2595 2024 2650 tum
2055 2591 2186 2665 qui-

236 2678 369 2740 dem
412 2674 493 2735 ad
536 2674 797 2750 quietem
828 2674 1023 2749 versi,
1066 2674 1181 2735 sed
1210 2675 1482 2752 undique
1512 2690 1724 2738 omnes
1753 2676 1830 2736 ad
1860 2674 2190 2734 munienda

236 2768 299 2823 et
317 2759 703 2820 obmolienda
726 2774 885 2834 quae
911 2759 1103 2820 ruinis
1132 2766 1322 2819 strata
1349 2767 1521 2821 erant
1547 2766 2001 2822 concurrerunt.
2047 2757 2190 2820 huic

240 2844 404 2919 operi
431 2842 677 2904 intentis
707 2843 1063 2919 supervenit
1090 2842 1157 2917 Q.
1190 2844 1524 2921 AntoniuS,
1559 2862 1598 2906 a
1625 2852 1908 2921 praetore
1935 2844 2185 2912 missus,

242 2928 341 3005 qui
380 2927 674 3003 castigata
712 2927 1048 3002 pertinacia
1089 2944 1302 2989 eorum
1331 2930 1627 2992 maiorem
1657 2945 1860 2990 curam
1890 2923 2185 2987 Romanis

246 3028 418 3087 quam
445 3010 565 3071 illis
597 3012 950 3072 ostenderet
978 3024 1151 3082 esse,
1196 3027 1274 3071 ne
1301 3013 1362 3071 in
1391 3013 1724 3088 perniciem
1752 3010 1922 3070 urbis
1955 3022 2188 3084 pugna-

241 3102 414 3157 retur.
470 3095 523 3154 si
554 3094 853 3155 absistere
891 3094 1099 3155 furore
1136 3094 1393 3169 vellent,
1433 3100 1792 3171 potestatem
1825 3092 1900 3152 iis
1929 3092 2059 3152 dari
2087 3106 2187 3151 ea-

246 3180 375 3241 dem
402 3177 794 3252 oondicione‚
826 3194 949 3251 qua
978 3176 1147 3253 prius
1179 3177 1241 3237 C.
1269 3178 1424 3238 Livii
1450 3179 1511 3237 in
1540 3177 1726 3237 fldem
1754 3176 2086 3248 venissent,
2118 3188 2188 3234 se

242 3260 527 3325 tradendi.
578 3260 733 3321 haec
765 3276 903 3321 cum
933 3261 1278 3332 audissent,
1313 3261 1582 3338 quinque
1613 3259 1847 3321 dierum
1879 3259 2077 3335 spatio
2109 3257 2184 3317 ad

248 3344 690 3408 deliberandum
718 3351 981 3421 sumpto,
1010 3350 1302 3419 temptata
1329 3345 1561 3406 interim
1593 3360 1707 3420 spe
1731 3342 1938 3405 auxilii
1959 3342 2037 3403 ab
2059 3343 2186 3403 An-

248 3426 465 3501 tioche,
510 3435 836 3503 postquam
879 3427 1058 3503 legati
1100 3428 1273 3488 missi
1317 3429 1397 3489 ad
1433 3444 1642 3504 regem
1669 3426 1818 3487 nihil
1846 3426 1908 3487 in
1937 3442 2012 3487 eo
2041 3440 2188 3487 esse

332 3526 384 3572 τ.
402 3526 525 3569 L1v1
555 3526 705 3571 mas
735 3510 838 3570 lv.
1703 3518 1770 3573 19
2185 3512 2190 3518 ”
