2548 3950
280 203 361 267 76
616 201 849 262 LIBER
876 201 1113 261 XXXII.
1158 201 1322 260 CAP.
1355 209 1440 262 32.
1483 201 1556 278 [a.
1585 207 1648 258 υ.
1675 223 1723 258 c.
1747 202 1878 280 555]

438 354 677 414 xxxn.
708 351 921 413 Hiems
951 351 1069 411 iam
1100 368 1177 412 eo
1207 360 1487 425 tempore
1509 361 1672 422 erat3
1719 360 1943 412 etcum
1963 355 2028 414 T.
2056 351 2243 426 Quin·

278 438 435 500 etius
480 446 665 512 capta
708 437 920 496 Elatea
973 434 1036 494 in
1091 434 1362 495 Phocide
1401 451 1476 494 ac
1513 435 1777 496 Locride
1818 435 2076 498 hiberna
2117 437 2244 499 dis·
2322 492 2331 496 -

279 521 481 598 posita
505 521 775 591 haberet,
802 518 1044 595 Opunte
1068 517 1290 580 seditio
1317 527 1451 579 orta
1473 527 1586 580 est.
1612 519 1796 580 factio
1821 536 1944 581 una
1964 521 2246 594 AetoloS‚

278 604 387 682 qui
414 602 744 681 propiores
774 610 979 677 erant,
1006 603 1199 663 altera
1225 603 1542 665 Romanos
1571 604 1950 665 arcessebat.
2035 602 2246 664 Aetoli

278 689 517 765 priores
544 693 877 750 venerunt=
919 687 1034 746 sed
1074 685 1423 760 opulentior
1453 687 1634 748 factio
1677 687 1950 748 exclusis
1981 687 2250 762 Aetolis„

276 773 596 848 missoque
620 771 703 830 ad
734 770 1168 849 imperatorem
1196 771 1540 831 Romanum
1569 765 1781 831 nuntio
1812 788 2014 847 usque
2043 771 2105 830 in
2135 773 2244 831 ad·

278 865 529 918 ventum
560 853 693 915 eius
722 853 916 914 tenuit
943 854 1175 914 urbem.
1230 869 1436 914 arcem
1464 853 1701 930 regium
1730 855 1978 916 tenebat
2002 853 2243 932 praesi-

276 940 475 1014 dium,
512 955 715 1015 neque
745 946 812 1000 ut
840 939 1213 998 decederent
1240 937 1416 1010 inde,
1466 946 1573 998 aut
1613 936 2018 1012 Opuntiorum
2057 937 2248 999 minis

278 1033 385 1086 aut
422 1021 786 1084 auctoritate
835 1020 1222 1097 imperatoris
1264 1021 1526 1082 Romani
1576 1021 1840 1098 perpelli
1888 1031 2244 1098 potuerunt.

274 1124 449 1168 mora
470 1124 581 1167 cur
602 1123 727 1166 non
744 1106 1052 1180 extemplo
1078 1114 1581 1182 oppugnarentur
1603 1122 1680 1167 ea
1701 1104 1830 1179 fuit,
1857 1107 2027 1181 quod
2051 1106 2244 1167 cadu-

278 1198 490 1252 ceator
515 1191 593 1249 ab
614 1204 763 1264 rege
787 1196 1040 1248 venerat
1060 1189 1265 1249 locum
1291 1205 1366 1250 ac
1392 1197 1634 1265 tempus
1658 1198 1878 1266 petens
1902 1189 2246 1265 colloquio.

275 1275 442 1336 haud
470 1282 723 1350 gravate
749 1288 1117 1334 concessum
1145 1271 1278 1348 regi
1303 1281 1416 1348 est,
1447 1291 1570 1335 non
1598 1273 1747 1350 quin
1771 1281 2024 1348 cuperet
2052 1273 2240 1347 Quin-

276 1357 433 1420 clius
463 1374 576 1434 per
599 1373 670 1419 se
692 1355 912 1433 partim
935 1356 1123 1418 armis
1144 1356 1367 1432 partim
1393 1357 1863 1419 condicionibus
1889 1359 2240 1419 consectum

276 1441 472 1503 videri
510 1443 740 1503 bellum
783 1475 857 1486 —-
904 1442 1169 1502 necdum
1210 1441 1373 1502 enim
1415 1441 1650 1502 sciebat
1674 1449 1874 1504 utrum
1905 1457 2244 1502 successor

276 1525 394 1604 sibi
423 1526 576 1586 alter
599 1542 681 1585 ex
703 1525 882 1586 novis
906 1525 1265 1587 consulibus
1290 1524 1640 1598 mitteretur,
1672 1542 1771 1598 an,
1803 1525 1972 1600 quod
2001 1541 2237 1586 summe

274 1607 337 1669 vi
367 1615 433 1668 ut
460 1610 783 1670 tenderent
815 1607 1029 1670 amicis
1072 1618 1133 1669 et
1166 1609 1533 1684 propinquis
1574 1610 2000 1681 mandaverat,
2042 1608 2236 1684 impe·

274 1691 429 1752 rium
459 1700 897 1766 prorogaretur
922 1715 1038 1747 ——z
1068 1701 1280 1766 aptum
1305 1701 1510 1753 autem
1540 1695 1672 1753 fore
1701 1691 2076 1768 colloquium
2105 1709 2237 1752 cre-

276 1777 476 1850 debat,
506 1782 576 1836 ut
603 1774 720 1836 sibi
749 1774 1010 1836 liberum
1038 1784 1207 1836 esset
1236 1777 1336 1835 vel
1365 1776 1446 1836 ad
1473 1777 1700 1837 bellum
1726 1775 1994 1836 manenti
2024 1777 2124 1836 vel
2153 1777 2240 1835 ad

278 1877 493 1936 pacem
537 1857 863 1920 decedenti
904 1874 1034 1918 rem
1073 1858 1388 1919 inclinare.
1467 1859 1528 1920 in
1564 1860 1704 1942 sinu
1741 1859 2004 1920 Maliaco
2035 1875 2242 1936 prope

272 1944 560 2006 Nicaeam
602 1943 747 2005 litus
789 1945 1049 2019 elegere.
1118 1959 1201 2007 eo
1224 1959 1340 2005 rex
1367 1944 1445 2005 ab
1473 1942 1860 2006 Demetriade
1887 1959 2029 2005 cum
2061 1943 2242 2019 quin·

278 2045 401 2105 que
428 2028 645 2090 lembis
676 2035 737 2090 et
764 2044 889 2088 una
910 2044 1069 2088 nave
1089 2036 1355 2089 rostrata
1381 2029 1565 2090 venit.
1611 2036 1784 2090 erant
1806 2044 1946 2089 cum
1970 2044 2045 2090 eo
2067 2026 2239 2103 prin-

276 2113 449 2190 cipes
473 2113 883 2173 Macedonum
911 2119 973 2173 et
996 2112 1388 2173 Achaeorum
1412 2114 1628 2187 exsul,
1675 2112 1767 2172 vir
1795 2111 2086 2187 insignis,
2117 2110 2240 2188 Cy-

276 2196 530 2259 cliadas.
616 2213 756 2259 cum
796 2196 1168 2275 imperatore
1196 2197 1476 2259 Romano
1518 2213 1633 2257 rex
1653 2196 2057 2278 Amynander
2085 2203 2237 2269 erat,

275 2291 337 2344 et
374 2280 850 2361 Dionysodorus
890 2280 1078 2343 Attali
1127 2282 1399 2356 legatus,
1449 2288 1512 2341 et
1548 2280 2019 2356 Agesimbrotus
2054 2295 2239 2355 prae-

276 2368 474 2427 fectus
500 2366 781 2428 Rhodiae
812 2366 1065 2437 classiS,
1098 2373 1159 2427 et
1184 2364 1500 2427 Phaeneas
1529 2363 1824 2439 princeps
1851 2364 2236 2437 Aetolorum,

275 2457 337 2509 et
362 2448 599 2511 Achaei
628 2450 772 2521 duo,
801 2448 1168 2509 Aristaenus
1198 2457 1259 2510 et
1284 2447 1651 2524 Xenophon.
1693 2447 1852 2509 inter
1871 2448 1990 2509 hos
2009 2448 2237 2508 Roma·

275 2548 393 2591 nus
435 2532 517 2591 ad
556 2539 896 2591 extremum
936 2531 1081 2592 litus
1116 2547 1523 2607 progressus,
1576 2546 1715 2593 cum
1756 2547 1870 2591 rex
1897 2531 1959 2591 in
1987 2547 2240 2607 proram

274 2612 453 2675 navis
495 2613 559 2674 in
600 2614 849 2686 ancoris
890 2613 1107 2676 stantis
1148 2614 1594 2691 processisset,
1636 2614 2102 2691 „commodius“
2143 2614 2237 2674 in·

277 2696 410 2774 quit
456 2697 553 2771 „si
592 2697 651 2758 in
695 2705 917 2759 terram
948 2697 1314 2773 egrediariS‚
1359 2716 1439 2759 ex
1480 2699 1833 2776 propinquo
1864 2698 2142 2760 dicamus
2172 2696 2238 2759 in

272 2782 473 2842 vicem
502 2780 1013 2858 audiamusque.“
1097 2798 1233 2843 cum
1273 2798 1388 2843 rex
1429 2784 1730 2845 facturum
1769 2799 1840 2843 se
1868 2782 1933 2843 id
1961 2790 2236 2858 negaret,

275 2880 501 2942 „quem
523 2866 807 2927 tandem“
836 2864 1037 2941 inquit
1058 2865 1374 2941 Quinctius
1404 2866 1620 2943 „times
1636 2872 1716 2926 ‘3⁴‘
1745 2868 1826 2927 ad
1847 2866 1969 2927 hoc
1999 2866 2102 2927 ille
2130 2882 2235 2925 su·

276 2949 470 3027 perbo
514 2959 577 3012 et
614 2948 788 3026 regio
831 2950 1034 3011 animo
1072 2946 1417 3026 „neminem
1461 2950 1748 3027 equidem
1777 2951 1961 3012 timeo
1993 2956 2240 3025 praeter

276 3036 432 3097 deos
472 3033 851 3097 immortalis.
937 3050 1061 3094 non
1092 3035 1360 3095 omnium
1389 3044 1593 3096 autem
1635 3035 1821 3096 credo
1854 3033 2032 3107 fidei,
2073 3049 2237 3109 quos

275 3118 441 3180 circa
461 3129 521 3181 te
542 3119 748 3196 video,
771 3127 957 3195 atque
980 3118 1249 3181 omnium
1272 3118 1518 3179 minime
1540 3118 1841 3181 Aetolis.“
1871 3118 2074 3191 „istuc
2099 3116 2230 3191 qui-

276 3204 455 3263 dem“
484 3204 569 3266 ait
594 3206 913 3267 Romanus
940 3220 1097 3279 „par
1126 3203 1412 3265 omnibus
1442 3204 1782 3277 periculum
1809 3210 1922 3275 est,
1957 3200 2064 3277 qui
2093 3216 2236 3263 cum

274 3286 453 3346 hoste
494 3289 574 3347 ad
616 3288 989 3364 colloquium
1032 3286 1537 3363 congrediuntur,
1589 3286 1644 3347 si
1684 3288 1852 3348 nulla
1889 3286 2048 3347 fides
2091 3284 2234 3345 sit.“

276 3385 440 3439 „non
472 3374 713 3429 tamen“
744 3369 958 3445 inquit,
990 3372 1091 3443 ,,Τ.
1126 3369 1396 3443 Quincti,
1425 3387 1540 3446 par
1567 3369 1866 3447 perfidiae
1893 3367 2234 3446 praemium

276 3458 390 3519 est,
422 3449 475 3508 si
506 3451 720 3510 fraude
744 3460 973 3525 agatur,
1006 3452 1324 3527 Philippus
1356 3462 1416 3514 et
1442 3454 1779 3517 Phaeneas·
1835 3472 2039 3532 neque
2069 3452 2234 3517 enim
