2548 3950
574 230 804 291 LIBER
833 230 1130 291 xxxvu.
1178 232 1343 293 cAP.
1377 241 1507 296 aa.
1552 234 1625 311 [a.
1651 240 1714 293 c.
1741 238 1867 314 190]
2078 236 2202 301 267

229 402 320 447 ea
351 386 494 461 ipsa
533 380 817 444 remissio
847 384 1030 443 animi
1062 384 1479 459 suspicionem
1512 385 1780 461 dempsit
1806 404 2037 449 novare
2066 405 2204 450 eum

231 470 576 546 quicquam
603 468 782 527 velle.
833 476 894 528 et
919 474 1044 527 tum
1075 468 1323 542 quidem
1352 470 1604 530 comiter
1630 484 1921 545 acceptus
1950 470 2204 549 hospes,

230 561 495 629 postero
528 551 628 611 die
657 559 1034 612 commeatus
1061 551 1361 613 exercitui
1387 562 1639 627 paratos
1668 554 1949 630 benigne,
1982 564 2205 631 pontes

133 660 142 669 ·
231 639 300 698 in
345 633 700 697 fluminibus
747 636 976 709 factos,
1016 634 1180 708 vitm,
1221 635 1328 695 ubi
1366 636 1659 697 transitus
1698 638 1983 699 difficiles
2014 650 2203 713 erant,

171 776 187 785 ,
230 721 506 783 munitas
544 718 715 779 vidit.
781 718 936 779 haec
974 719 1250 779 referens
1294 718 1513 781 eadem
1556 738 1679 796 qua
1717 721 1873 782 ierat
1900 723 2206 783 celeritate

226 803 601 865 Thaumacis
643 802 909 862 occurrit
948 802 1207 862 consuli.
1272 802 1417 863 inde
1451 805 1714 865 certiore
1740 811 1801 866 et
1828 806 2061 866 maiore
2091 798 2205 882 spe
2284 814 2287 817 ’

191 924 202 931 -
233 892 436 949 laetus
465 886 775 947 exercitus
805 886 887 945 ad
912 892 1284 981 praeparata
1305 887 1507 945 omnia
1534 888 1596 946 in
1614 886 2041 949 Macedoniam
2066 906 2200 965 per-

236 972 423 1032 venit.
485 968 786 1029 venientis
826 968 996 1043 regio
1039 976 1342 1044 apparatu
1382 976 1445 1029 et
1470 970 1709 1045 accepit
1747 978 1809 1031 et
1835 982 2203 1046 prosecutus

233 1064 339 1117 est
362 1070 493 1115 rex.
537 1052 768 1113 multa
751 1070 814 1113 1n
844 1068 920 1114 co
949 1061 1014 1113 et
1042 1053 1376 1113 dexteritas
1406 1060 1469 1113 et
1495 1053 1839 1118 humanitas
1860 1057 2013 1130 visa,
2046 1073 2205 1138 quae

237 1136 748 1199 commendabilia
773 1137 942 1211 apud
967 1137 1327 1198 Alricanum
1353 1143 1553 1211 erant,
1582 1138 1782 1199 virum
1810 1140 1969 1201 sicut
1994 1141 2075 1200 ad
2105 1156 2204 1199 ce

237 1231 374 1283 tera
399 1221 726 1295 egregium,
759 1218 842 1281 ita
863 1236 900 1279 a
921 1221 1220 1295 comitate,
1255 1236 1417 1294 quae
1438 1221 1575 1281 sine
1596 1223 1837 1283 luxuria
1860 1231 2045 1296 esset,
2078 1239 2204 1283 non

231 1320 544 1365 aversum.
583 1304 726 1365 inde
749 1320 872 1364 non
895 1320 1010 1380 per
1023 1303 1449 1365 Macedoniam
1470 1305 1656 1366 modo
1678 1307 1792 1367 sed
1813 1307 1998 1367 etiam
2018 1308 2206 1367 Thra·

233 1390 394 1451 ciam
438 1394 854 1463 prosequente
883 1395 944 1447 et
969 1394 1382 1463 praeparante
1410 1388 1615 1449 omnia
1639 1388 1923 1465 Philippo
1954 1391 2033 1451 ad
2062 1392 2191 1449 Hel

234 1476 586 1548 lespontum
623 1478 978 1546 perventum
1009 1478 1125 1531 est.

405 1556 566 1615 VIII.
607 1555 950 1617 Antiochus
994 1564 1136 1629 post
1176 1558 1459 1617 navalem
1488 1556 1569 1615 ad
1598 1557 1905 1633 Corycum
1934 1571 2201 1653 pugnam

235 1654 378 1703 cum
406 1648 592 1701 totam
622 1639 881 1699 hiemem
908 1637 1207 1699 liberam
1191 1655 1254 1697 m
1284 1646 1619 1735 apparatus
1647 1642 1953 1702 terrestris
1982 1640 2203 1701 mariti

243 1784 246 1786 Α
235 1740 498 1800 mosque
547 1722 892 1797 habuisset,
943 1723 1130 1784 classi
1181 1724 1445 1784 maxime
1494 1724 1907 1801 reparandae,
1958 1741 2037 1785 ne
2078 1731 2204 1785 tota

235 1809 420 1869 maris
447 1805 858 1885 possessione
883 1807 1226 1881 pelleretur,
1255 1807 1520 1869 intentus
1550 1810 1765 1869 fuerat.
1806 1809 2207 1869 succurrebat

237 1900 590 1967 superatum
621 1906 708 1966 sc,
733 1908 870 1953 cum
893 1891 1113 1953 classis
1143 1892 1404 1953 afuisset
1422 1892 1831 1953 Rhodiorumz
1878 1893 2101 1969 quodsi
2130 1908 2206 1951 ea

241 1991 735 2052 quoque—nec
787 1975 1230 2038 commissuros
1268 1975 1581 2047 Rhodios,
1631 1983 1699 2036 ut
1740 1974 1960 2038 iterum
2001 1993 2176 2036 mora

237 2068 554 2122 rentur—
575 2061 887 2120 certamini
930 2061 1214 2132 adesset,
1254 2075 1478 2133 magno
1522 2060 1642 2120 sibi
1668 2059 1915 2120 navium
1947 2075 2200 2120 numero

239 2159 400 2220 opus
429 2159 592 2218 esse,
621 2151 692 2206 ut
716 2144 947 2204 viribus
977 2150 1039 2203 et
1064 2143 1483 2217 magnitudine
1510 2146 1775 2204 classem
1804 2143 2071 2205 hostimn
2102 2159 2201 2202 ae·

238 2236 476 2304 quai-et.
519 2229 728 2302 itaque
757 2234 818 2288 et
843 2227 1244 2286 Hannibalem
1271 2226 1333 2285 in
1358 2226 1599 2304 Syriam
1629 2227 1880 2286 miserat
1907 2228 1988 2286 ad
2007 2226 2203 2285 Phoe-

236 2314 444 2373 nicum
487 2310 898 2372 arcessendas
935 2324 1156 2382 naves,
1209 2317 1268 2368 ct
1308 2309 1781 2386 Polyxenidam,
1834 2325 1957 2382 quo
2001 2311 2202 2368 minus

241 2411 544 2472 prospere
575 2400 754 2468 gesta
777 2407 880 2452 res
907 2400 1068 2466 erat,
1112 2408 1188 2452 eo
1219 2391 1460 2454 enixius
1492 2401 1553 2454 et
1580 2409 1690 2453 eas
1722 2407 1883 2466 quae
1912 2400 2083 2453 erant
2108 2409 2203 2452 re·

235 2479 428 2542 ficere
459 2485 522 2538 et
548 2476 700 2538 alias
730 2491 950 2550 parare
978 2491 1172 2536 naves
1203 2476 1401 2537 iussit.
1454 2478 1591 2551 ipse
1618 2476 1681 2536 in
1707 2476 1975 2554 Phrygia
2000 2475 2201 2535 hiber-

236 2562 426 2633 navit,
455 2559 732 2634 undique
759 2559 984 2618 auxilia
1013 2573 1359 2620 arcessens.
1422 2560 1599 2622 etiam
1629 2561 1690 2620 in
1723 2560 2203 2634 Gallograeciam

236 2645 518 2706 miseran
562 2642 982 2704 bellicosiores
1023 2657 1101 2703 ea
1138 2649 1501 2719 tempestate
1539 2652 1741 2718 erant,
1785 2643 2050 2706 Gallicos
2095 2645 2203 2703 ad·

235 2731 360 2792 huc
376 2775 391 2800 ,
443 2729 714 2788 nondum
765 2728 1007 2788 exoleta
1057 2727 1250 2803 stirpe
1298 2728 1529 2802 gentis,
1580 2736 1900 2790 servantes
1940 2729 2201 2790 animos.

237 2813 433 2875 filium
475 2810 802 2873 Seleucum
839 2811 902 2889 in
942 2809 1202 2873 Aeolide
1239 2811 1577 2887 reliquerat
1628 2829 1767 2874 cum
1809 2815 2083 2875 exercitu
2122 2813 2203 2872 ad

239 2896 572 2958 maritimas
612 2895 1013 2956 continendas
1043 2895 1262 2969 urbeS,
1309 2911 1467 2971 quas
1494 2895 1662 2957 illinc
1690 2914 1730 2956 a
1754 2896 2051 2972 Pergamo
2080 2897 2199 2956 Eu-

239 2995 473 3052 meneS,
505 2979 648 3040 hinc
677 2995 714 3038 a
739 2977 1022 3040 Phocaea
1053 2978 1461 3058 Erythrisque
1486 2980 1745 3041 Romani
1774 2980 2199 3040 sollicitabant.

237 3063 464 3126 classis
490 3063 796 3136 Romana,
829 3061 990 3122 sicut
1015 3069 1156 3122 ante
1186 3063 1413 3122 dictum
1441 3069 1553 3136 est,
1585 3063 1664 3123 ad
1696 3061 1891 3122 Canas
1920 3061 2199 3120 hiberna-

237 3148 362 3208 bat.
405 3163 479 3208 eo
506 3145 710 3206 media
740 3147 929 3204 ferme
954 3143 1155 3205 hieme
1180 3160 1293 3204 rex
1318 3144 1625 3204 Eumenes
1652 3160 1791 3204 cum
1818 3144 2062 3204 duobus
2092 3145 2199 3202 mi-

239 3229 405 3292 libus·
436 3229 725 3305 peditum,
757 3227 1063 3304 equitibus
1093 3228 1441 3302 quingentis
1462 3227 1644 3288 venit.
1686 3228 1739 3287 is
1758 3243 1899 3286 cum
1918 3242 2196 3302 magnan.

237 3314 535 3389 praedam
587 3312 686 3387 agi
733 3327 930 3388 posse
979 3312 1240 3372 dixisset
1280 3327 1359 3370 ex
1400 3326 1549 3384 agro
1592 3311 1859 3371 hostium
1898 3311 2002 3385 qui
2042 3311 2199 3371 circa

238 3397 593 3475 Thyatiram
631 3404 829 3468 esset,
873 3396 1174 3456 hortando
1218 3395 1485 3471 perpulit
1509 3394 1774 3468 Livium,
1822 3401 1888 3455 ut
1932 3395 2203 3470 quinque

241 3481 406 3542 milia
455 3480 702 3540 militum
747 3493 956 3540 secum
1006 3479 1282 3540 mitteret.
1354 3478 1524 3538 miss-i
1564 3478 1867 3552 ingentem
1912 3478 2201 3553 praedam
