2548 3950
487 195 719 257 LIBER
747 197 1041 257 XXXVH.
1088 189 1252 258 CAP.
1279 208 1366 261 29.
1391 207 1478 261 30.
1522 207 1829 274 [a.c.190]
2005 203 2126 267 287

116 355 353 424 portu
379 348 442 407 in
472 348 657 408 altum
688 354 937 408 evectus
966 347 1282 422 excipiens
1313 349 1722 423 insequentis,
1769 367 1885 411 suo
1917 369 2128 428 quam-

118 431 290 507 que
336 430 551 491 ordine
579 430 640 488 in
671 431 927 490 frontem
958 431 1382 503 instruxisset,
1425 432 1738 493 Eudamus
1765 435 2129 514 Rhodiaque
2205 461 2232 484 ·

120 515 391 575 classis
415 511 835 574 substitissent
856 515 935 572 ad
958 519 1195 584 terram,
1226 521 1295 575 ut
1313 521 1375 575 et
1395 515 1529 575 sine
1550 517 1956 590 trepidatione
1979 535 2124 579 con-

118 597 561 670 scenderent,
592 602 654 656 et
677 603 746 656 ut
774 609 1059 673 quaeque
1089 604 1304 672 parata
1331 605 1527 671 esset,
1571 599 1764 660 exiret
1796 601 1992 661 navis.
2045 605 2130 664 ita

123 689 210 741 et
274 681 631 754 explicuere
688 680 963 740 ordinem
1014 683 1247 754 primae
1305 681 1367 739 in
1417 690 1755 757 conspectu
1806 677 2125 761 praetoria,

122 772 211 825 et
272 770 553 823 coactum
604 777 820 837 agmen
868 763 948 823 ab
984 763 1243 824 Rhodiis
1287 771 1410 835 est3
1477 765 1897 842 instructaque
1935 769 2124 842 acies,

122 849 334 906 velut
376 853 696 906 cernerent
734 847 972 921 regiOS,
1014 847 1077 905 in
1119 848 1304 906 altum
1343 849 1666 921 processit.
1712 853 1869 910 inter
1905 851 2125 929 Myon-

126 945 386 990 nesum
413 937 476 989 et
496 930 803 1007 Corycum
833 930 1318 1003 promunturium
1341 937 1527 1004 erant,
1559 947 1696 991 cum
1719 932 1957 994 hostem
1981 950 2126 996 con·

126 1027 448 1089 spexere.
494 1020 553 1072 et
578 1013 749 1088 regia
776 1011 1028 1086 classiS‚
1060 1011 1220 1073 binis
1251 1012 1312 1072 in
1345 1014 1619 1074 ordinem
1649 1017 1912 1078 navibus
1940 1019 2122 1093 longo

130 1097 407 1173 agmine
447 1096 734 1170 venienS,
778 1103 841 1157 et
872 1096 1013 1172 ipsa
1049 1097 1240 1156 aciem
1270 1097 1598 1158 adversam
1625 1098 1920 1174 explicuit
1945 1103 2125 1163 laevo

130 1187 400 1241 tantum
458 1187 671 1240 evecta
725 1192 950 1253 cornu,
1003 1187 1071 1240 ut
1099 1182 1379 1255 amplecti
1429 1187 1492 1241 et
1537 1183 1796 1243 circuire
1845 1183 2126 1245 dextrum

134 1277 363 1326 cornu
390 1263 804 1324 Romanorum
831 1269 1065 1338 posset.
1112 1263 1282 1338 quod
1309 1265 1415 1324 nbi
1443 1260 1775 1339 Eudamus,
1809 1267 1913 1341 qui
1944 1282 2124 1343 coge-

133 1349 267 1408 bat
297 1361 534 1422 agmen,
562 1346 734 1421 vidit,
762 1363 885 1407 non
915 1361 1110 1422 posse
1128 1361 1401 1420 aequare
1432 1349 1708 1408 ordinem
1727 1350 2042 1412 Romanos
2067 1358 2138 1411 et-

134 1438 396 1491 tantum
437 1446 562 1490 non
592 1430 712 1490 iam
740 1429 981 1491 circuiri
1016 1431 1093 1490 ab
1122 1430 1340 1490 dextro
1372 1445 1594 1503 cornu,
1639 1432 1903 1492 concitat
1933 1447 2125 1493 naves

146 1549 238 1559 —-
270 1521 333 1574 et
362 1522 532 1574 erant
574 1529 763 1574 naves
790 1513 1071 1574 Rhodiae
1105 1513 1290 1588 longe
1319 1515 1588 1575 omnium
1618 1515 1969 1576 celerrimae
1998 1522 2126 1576 tota

143 1601 371 1658 classe
392 1625 504 1672 --,
537 1604 923 1674 aequatoque
966 1612 1156 1656 cornu
1184 1598 1531 1672 praetoriae
1555 1598 1728 1671 navi,
1771 1597 1832 1657 in
1864 1615 1986 1673 qua
2011 1598 2123 1658 Po·

144 1680 493 1760 lyxenidas
524 1689 669 1754 erat,
700 1695 874 1741 suam
904 1681 1145 1741 obiecit.
1210 1679 1393 1741 XXX.
1439 1681 1558 1740 iam
1585 1681 1730 1742 totis
1760 1683 1939 1742 simul
1969 1685 2124 1743 clas-

146 1765 341 1825 sibus
385 1763 464 1824 ab
506 1765 673 1826 omni
714 1771 885 1840 parte
926 1779 1133 1840 pugna
1171 1771 1459 1825 conserta
1497 1772 1648 1825 erat.
1715 1765 1791 1825 ab
1831 1765 2124 1826 Romanis

149 1847 479 1922 octoginta
516 1863 709 1909 naves
751 1847 1129 1923 pugnabant,
1174 1863 1252 1908 ex
1296 1849 1520 1924 quibus
1549 1848 1826 1908 Rhodiae
1866 1849 2026 1910 duae
2067 1855 2130 1910 et

147 1932 376 2008 viginti
404 1940 603 1993 erant=
646 1933 913 1993 hostium
944 1931 1164 1993 classis
1196 1931 1692 2005 undenonaginta
1719 1930 1965 1993 navium
1995 1933 2124 2005 ruit,

149 2026 222 2077 et
266 2015 569 2077 maximae
618 2018 851 2075 formae
896 2030 1091 2075 naves
1138 2022 1265 2075 tres
1307 2014 1572 2074 hexeres
1621 2014 1914 2088 habebat,
1970 2016 2126 2075 duas

148 2102 471 2175 hepteres.
522 2100 749 2159 robore
776 2098 1021 2158 navium
1049 2106 1109 2158 et
1134 2099 1354 2158 virtute
1382 2099 1632 2158 militum
1659 2098 1916 2160 Romani
1946 2101 2128 2173 longe

148 2183 371 2258 regios
405 2184 809 2258 praestabant,
838 2182 1119 2242 Rhodiae
1146 2196 1340 2240 naves
1371 2182 1636 2255 agilitate
1663 2187 1726 2240 et
1753 2188 1884 2241 arte
1903 2183 2127 2254 guber-

151 2273 447 2326 natorum
492 2273 554 2327 et
593 2264 849 2327 scientia
893 2265 1219 2338 remigumz
1281 2265 1550 2324 maximo
1599 2270 1797 2323 tamen
1845 2264 2126 2325 hostibus

150 2350 382 2414 terrori
412 2350 585 2428 fuere
617 2364 776 2423 quae
802 2349 979 2423 ignes
1011 2362 1161 2422 prae
1190 2362 1264 2409 se⁴
1283 2347 1638 2422 portabant3
1669 2340 1743 2406 et‘
1753 2347 1921 2420 quod
1939 2362 2126 2407 unum

152 2436 239 2495 iis
274 2434 357 2492 ad
382 2429 789 2492 Panhormum
819 2430 1247 2492 circumventis
1279 2430 1460 2491 saluti
1489 2432 1714 2502 fuerat,
1759 2429 1821 2489 id
1847 2436 1972 2489 tum
2001 2446 2128 2489 ma-

150 2519 397 2577 ximum
436 2521 805 2575 momentum
834 2514 913 2573 ad
940 2514 1256 2575 victoriam
1286 2514 1413 2574 suit.
1474 2530 1615 2573 nam
1641 2521 1807 2574 metu
1833 2514 1991 2588 ignis
2022 2514 2128 2573 ad-

154 2598 334 2661 versi
374 2596 583 2673 regiae
624 2613 847 2671 naves,
875 2612 954 2657 ne
995 2612 1216 2673 prorae
1260 2604 1723 2671 concurrerent,
1767 2612 1906 2657 cum
1941 2596 2127 2657 deeli-

154 2689 450 2756 nassent,
502 2696 706 2757 neque
754 2682 931 2757 ipsae
971 2682 1153 2741 ferire
1192 2688 1394 2742 rostro
1434 2680 1675 2743 hostem
1716 2687 2028 2757 poterant,
2070 2687 2131 2740 et

161 2764 453 2841 obliquas
493 2778 565 2826 se
590 2766 768 2841 ipsae
794 2766 873 2825 ad
902 2766 1059 2827 ictus
1100 2766 1505 2841 praebebant,
1547 2773 1607 2827 et
1631 2765 1686 2825 si
1718 2780 1840 2841 qua
1871 2779 2127 2826 concur-

160 2857 361 2924 rerat,
414 2850 783 2911 obruebatur
833 2848 1041 2911 infuso
1083 2850 1237 2925 igni,
1287 2851 1612 2925 magisque
1651 2850 1731 2910 ad
1781 2848 2128 2908 incendium

166 2948 353 3011 quam
390 2934 476 2993 ad
515 2936 817 3008 proelium
855 2932 1258 3008 trepidabant.
1333 2934 1656 3008 plurimum
1695 2940 1896 2992 tamen
1913 2977 1928 3003 ‚
1971 2944 2132 3005 quae

167 3017 619 3089 scietmilitum
638 3019 831 3079 virtus
856 3019 914 3076 in
938 3017 1101 3077 bello
1126 3018 1331 3077 valuit.
1361 3016 1625 3075 mediam
1647 3028 1914 3087 namque
1935 3013 2131 3072 aciem

164 3100 434 3161 hostium
460 3102 721 3163 Romani
748 3116 888 3161 curn
913 3100 1254 3173 rupissent,
1287 3097 1674 3158 circumvecti
1707 3096 1784 3155 ab
1815 3104 1988 3169 tergo
2018 3110 2130 3168 pu-

167 3184 493 3259 gnantibus
519 3186 819 3245 adversus
834 3183 1111 3244 Rhodios
1131 3180 1320 3257 regiis
1345 3194 1491 3241 sese
1515 3179 1828 3248 obiecere;
1859 3192 2130 3237 momen-

168 3274 359 3342 toque
402 3269 693 3344 temporis
736 3275 797 3328 et
838 3266 1043 3326 media
1084 3265 1249 3325 acies
1289 3262 1576 3324 Antiochi
1618 3270 1679 3323 et
1717 3261 1894 3323 laevo
1939 3274 2134 3321 cornu

172 3351 619 3413 circumventae
674 3366 866 3413 naves
914 3346 1357 3423 mergebantur.
1431 3348 1646 3407 dextra
1700 3360 1846 3421 pars
1898 3346 2134 3418 integra

173 3434 482 3497 sociorum
504 3435 701 3511 magis
727 3435 901 3495 clade
924 3448 1105 3508 quam
1129 3447 1244 3493 suo
1270 3432 1543 3508 periculo
1565 3430 1924 3492 terrebatur.
1970 3434 2129 3488 cete-
