2548 3950
325 256 452 322 364
576 256 806 316 L1BER
828 256 1147 315 xxxvm.
1196 255 1359 315 CAP.
1383 262 1471 318 48.
1494 262 1584 317 49.
1629 256 1699 334 [a.
1725 262 1798 319 υ.
1821 278 1870 317 c.
1892 258 2014 335 565]

324 408 386 470 ‘n
416 424 611 470 cornu
637 415 903 481 utroque
922 405 1093 465 -id
1120 404 1280 463 enim
1307 404 1550 465 roboris
1579 418 1723 465 esse
1745 405 2069 467 videbatur
2085 438 2174 451 —
2193 406 2280 469 lo-

326 498 529 562 catos;
586 488 1011 566 pugnaveritis
1046 494 1113 547 ut
1152 502 1291 547 cum
1329 487 1612 549 hostibus
1654 489 1864 560 iustiS‚
1920 487 2286 565 cecideritis,

325 576 527 651 spolia
568 589 781 635 eorum
809 570 1177 632 rettuleritis.
1244 572 1414 647 atqui
1445 586 1582 631 cum
1610 570 1949 645 Antiocho,
1991 588 2118 632 non
2149 578 2284 633 eum

324 658 510 719 Gallis
546 656 774 718 bellum
814 662 876 715 et
914 660 1165 715 senatus
1209 654 1568 715 decreverat
1595 660 1656 715 et
1697 654 1970 729 populus
1999 654 2288 715 iusserat.

324 742 440 803 sed
480 742 689 814 simul,
730 744 798 799 ut
838 738 1060 813 opinor
1093 752 1233 799 cum
1270 736 1369 798 his
1412 737 1813 797 decreverant
1851 735 2290 813 iusseruntque

325 825 431 901 qui
466 824 624 883 intra
662 821 973 898 praesidia
1014 821 1148 882 eius
1190 820 1483 889 fluissent3
1525 836 1606 880 ex
1636 820 1860 895 quibus
1889 828 2139 895 practer·
2161 822 2288 882 An·

322 908 620 979 tiochum,
673 920 811 965 cum
854 920 979 980 quo
1022 918 1241 979 pacem
1282 904 1602 979 pepigerat
1639 903 1849 979 Scipio
1892 911 1954 965 et
1993 920 2132 965 eum
2163 922 2294 983 quo

322 989 677 1053 nominatim
720 988 942 1049 foedus
984 994 1049 1049 ut
1087 987 1263 1047 fieret
1301 986 1784 1061 mandaveratis,
1827 1002 2044 1048 omnes
2073 988 2290 1048 hostes

324 1078 527 1146 erant,
571 1072 677 1148 qui
718 1086 835 1147 pro
865 1070 1171 1131 Antiocho
1218 1086 1388 1129 arma
1416 1070 1718 1131 adversus
1745 1078 1864 1131 nes
1893 1070 2180 1133 tulerunt„
2225 1072 2290 1131 in

327 1172 449 1233 qua
478 1170 667 1216 causa
697 1169 835 1213 eum
860 1154 1013 1213 Galli
1042 1160 1182 1212 ante
1212 1168 1428 1213 omnes
1457 1152 1720 1214 fuissent
1741 1160 1802 1214 et
1819 1155 2018 1229 reguli
2041 1154 2290 1229 quidam

326 1247 390 1299 et
414 1238 693 1317 tyranni,
736 1252 853 1311 ego
882 1244 1085 1297 tamen
1112 1242 1174 1295 et
1202 1250 1342 1296 eum
1373 1236 1505 1297 aliis
1522 1280 1539 1311 ,
1583 1252 1698 1313 pro
1729 1236 2024 1311 dignitate
2050 1238 2294 1313 imperii

324 1320 515 1383 vestri
546 1319 777 1391 coactis
805 1321 977 1380 luere
1004 1324 1261 1395 peccata
1289 1334 1422 1393 sua,
1461 1335 1680 1395 pacem
1707 1320 1950 1396 pepigi3
1995 1327 2058 1379 et
2085 1321 2288 1380 Gallo-

324 1421 459 1465 rum
488 1404 743 1475 animoS,
776 1403 830 1463 si
860 1408 1120 1479 possent
1146 1402 1407 1477 mitigari
1432 1419 1470 1463 a
1491 1403 1728 1463 feritate
1747 1403 1944 1475 insita,
1975 1402 2291 1479 temptavi,

326 1496 383 1548 et
412 1492 739 1563 postquam
770 1486 1099 1547 indomitos
1128 1492 1314 1561 atque
1343 1486 1762 1561 implacabiles
1787 1486 2133 1560 cernebam,
2161 1492 2292 1546 tum

326 1572 569 1631 demum
594 1571 653 1629 vi
678 1576 863 1645 atque
886 1568 1069 1629 armis
1092 1569 1472 1630 coercendos
1493 1576 1664 1631 ratus
1687 1584 1842 1630 sum.
1887 1584 2067 1641 nunc,
2095 1586 2292 1645 quon·

323 1653 445 1712 iam
486 1652 761 1727 suscepti
801 1652 945 1712 belli
988 1657 1312 1728 purgatum
1351 1660 1447 1713 est
1487 1651 1744 1726 crimen,
1787 1652 1944 1727 gesti
1971 1652 2294 1714 reddenda

326 1742 424 1795 est
452 1736 625 1795 ratio.
670 1734 733 1793 in
764 1750 887 1805 quo
919 1735 1291 1795 confiderem
1315 1736 1599 1809 equidem
1629 1750 1856 1795 causae
1879 1750 2071 1809 meae,
2107 1734 2292 1795 etiam

330 1818 385 1877 si
415 1834 540 1879 non
582 1817 747 1893 apud
773 1816 1117 1877 Romanum
1159 1818 1276 1877 sed
1314 1818 1482 1892 apud
1509 1818 2066 1892 Carthaginiensem
2109 1834 2288 1877 sena-

328 1910 451 1963 tum
483 1915 729 1975 agerem
742 1942 765 1972 ‚-
801 1899 905 1961 ubi
934 1899 997 1959 in
1028 1914 1270 1959 crucem
1297 1901 1427 1960 tolli
1455 1900 1856 1977 imperatores
1889 1900 2204 1975 dicuntur,
2235 1901 2288 1960 si

327 2001 633 2063 prospero
662 1990 903 2058 eventu,
935 1999 1131 2059 pravo
1160 1984 1418 2046 consilio
1447 2000 1578 2044 rem
1607 1990 1950 2058 gesserunt.
2023 1984 2140 2045 sed
2167 1999 2289 2059 ego

326 2071 387 2129 in
416 2085 495 2129 ea
524 2069 783 2142 civitate,
818 2083 975 2142 quae
1003 2067 1145 2130 ideo
1168 2068 1452 2129 omnibus
1473 2067 1662 2127 rebus
1684 2065 2050 2166 incipiendis
2072 2083 2290 2142 geren-

328 2152 551 2228 disque
592 2152 749 2212 deos
794 2150 1067 2223 adhibet,
1114 2151 1259 2225 quia
1299 2150 1522 2212 nullius
1565 2149 1904 2209 calumniae
1945 2149 2168 2209 subicit
2195 2166 2288 2226 ca,

329 2250 489 2311 quae
518 2233 604 2294 dii
634 2233 1209 2308 comprobaverunt,
1240 2241 1300 2292 et
1329 2234 1388 2292 in
1420 2231 1822 2293 sollemnibus
1850 2232 2055 2293 verbis
2085 2231 2290 2308 habet,

330 2335 469 2379 cum
496 2317 1008 2393 supplicationem
1036 2324 1139 2376 aut
1164 2315 1533 2390 triumphum
1562 2313 1851 2389 decernit,
1895 2315 2104 2389 „quod
2130 2314 2294 2376 benc

328 2417 401 2461 ac
424 2401 678 2461 feliciter
694 2417 827 2462 rem
842 2400 1149 2476 publicam
1176 2399 1666 2472 administrarit“,
1687 2397 1740 2459 si
1763 2399 2006 2472 nollem,
2022 2397 2078 2458 si
2099 2413 2292 2473 grave

329 2499 402 2543 ac
446 2483 781 2558 superbum
824 2482 1235 2543 existimarem
1270 2483 1490 2542 virtute
1531 2480 1812 2556 gloriari,
1857 2497 1968 2557 pro
2005 2481 2295 2542 felicitate

327 2582 465 2627 mea
507 2567 941 2642 exercitusque
979 2566 1128 2640 mei,
1174 2565 1344 2640 quod
1387 2571 1613 2626 tantam
1653 2565 1961 2626 nationem
2003 2565 2138 2624 sine
2166 2566 2294 2625 ulla

327 2650 581 2712 militum
608 2651 840 2712 iactura
868 2647 1235 2723 devicimuS,
1274 2651 1668 2724 postularem,
1699 2656 1766 2708 ut
1795 2650 1912 2710 diis
1941 2648 2290 2709 immortali-

326 2731 445 2792 bus
495 2733 697 2793 honos
746 2733 1074 2792 haberetur
1120 2739 1182 2792 et
1218 2730 1358 2807 ipse
1395 2731 1780 2807 triumphans
1823 2733 1886 2792 in
1929 2731 2288 2807 Capitolium

328 2815 759 2888 ascenderem,
809 2815 976 2876 unde
1017 2815 1175 2873 votis
1211 2815 1331 2874 rite
1367 2815 1739 2892 nuncupatis
1777 2815 2090 2891 profectus
2131 2829 2286 2889 sum,

329 2898 638 2973 negaretis
665 2898 785 2958 hoc
813 2895 959 2956 mihi
988 2911 1127 2956 cum
1158 2897 1276 2957 diis
1305 2898 1830 2959 immortalibus“v
1890 2897 2094 2958 XLIX.
2137 2896 2286 2971 „ini-

332 2998 457 3057 quo
486 2981 647 3042 enim
674 2983 813 3043 loeo
845 2977 1146 3041 dimicavi.
1212 2981 1314 3041 dic
1341 2981 1548 3056 igitur,
1596 2998 1720 3057 quo
1751 2980 2045 3056 aequiore
2072 2987 2285 3056 potue-

328 3065 443 3125 rim
472 3065 779 3126 dimicare.
826 3079 965 3128 cum
992 3069 1259 3124 montem
1287 3064 1503 3127 hostes
1533 3063 1862 3140 cepissent,
1889 3065 2030 3123 ioco
2053 3060 2290 3122 munito

330 3164 404 3208 se
440 3155 745 3222 tenerent,
796 3161 1019 3223 nempe
1058 3148 1328 3208 eundum
1371 3149 1450 3208 ad
1491 3148 1706 3208 hostes
1745 3153 1906 3220 erat,
1947 3145 2002 3206 si
2041 3146 2339 3244 vincere&

328 3234 571 3292 vellem.
626 3231 815 3308 quid?
858 3232 911 3290 si
938 3229 1154 3290 urbem
1182 3245 1258 3292 eo
1289 3232 1426 3292 loco
1456 3231 1754 3291 haberent
1780 3237 1840 3290 et
1866 3229 2188 3291 moenibus
2219 3244 2298 3288 se
2336 3245 2343 3252 ·

330 3321 647 3374 tenerent?
685 3329 908 3389 nempe
948 3313 1351 3388 oppugnandi
1393 3321 1580 3374 crant.
1651 3314 1841 3388 quid?
1883 3312 1963 3372 ad
1999 3309 2295 3372 'inermo-

333 3398 513 3472 pylas
544 3411 827 3472 aequone
855 3398 997 3456 loco
1016 3395 1119 3455 Μ’.
1142 3395 1377 3456 Acilius
1403 3412 1539 3456 cum
1559 3411 1706 3470 rege
1725 3395 2030 3456 Antiocho
2055 3409 2292 3470 pugna-

330 3479 459 3537 vit?
514 3480 705 3553 qui-i?
760 3478 1106 3554 Philippum
1160 3495 1286 3540 non
1343 3479 1561 3540 codem
1611 3480 1796 3539 modo
1849 3492 2041 3554 super
2086 3481 2294 3537 Aoum
