2548 3950
551 227 787 291 LmER
812 230 1075 292 xxxm.
1122 231 1288 291 CAP.
1317 237 1406 295 4⁷.
1432 240 1517 294 48.
1542 239 1631 293 49.
1676 236 1989 312 [a.c.195]
2130 235 2252 297 123

4 329 36 488 ἶ
282 379 522 458 paratis
550 381 671 440 iam
699 389 840 442 ante
874 381 1158 444 omnibus
1186 383 1267 442 ad
1296 383 1528 458 rugam,
1561 384 1927 446 obversatus
1956 400 2033 448 eo
2064 386 2163 446 die
2191 388 2254 446 in

4 495 14 508 r
282 467 425 527 toro
455 465 828 525 avertendae
855 465 1232 542 suspicionis
1263 481 1474 543 causa,
1502 467 1715 542 primis
1736 469 2003 530 tenebris
2028 471 2255 533 vestitu

283 547 523 610 rorensi
566 548 648 608 ad
687 555 926 624 portam
955 565 1094 610 cum
1124 549 1367 611 duobus
1399 551 1722 612 comitibus
1750 551 1979 627 ignaris
2012 553 2255 615 consilii

281 638 386 693 est
424 631 740 706 egressus.
808 631 1072 694 XLVIII.
1132 649 1270 694 cum
1300 635 1473 713 equi,
1520 649 1643 710 quo
1687 635 1747 694 in
1788 638 1927 697 loco
1966 636 2251 712 iusserat,

279 723 537 792 praesto
579 716 867 790 fuissent,
918 723 1099 779 nocte
1126 715 1461 793 Byzacium
1487 751 1574 762 —
1601 717 1684 780 ita
1716 720 2031 794 regionem
2060 736 2253 795 quan-

281 800 432 860 dam
471 798 607 858 Afri
659 807 1464 875 vocant—transgressus,
1516 810 1771 877 postero
1824 802 1925 863 die
1967 804 2254 886 admare

279 881 447 944 inter
473 883 759 960 Acyllam
799 875 863 942 et
885 883 1199 958 Thapsum
1240 884 1323 942 ad
1352 899 1527 946 suam
1560 892 1788 945 turrem
1816 889 2111 960 pervenit.
2168 887 2254 946 ibi

282 982 430 1027 eum
458 972 672 1041 parata
698 967 1122 1041 instructaque
1148 967 1403 1042 remigio
1428 969 1675 1043 excepit
1696 969 1890 1028 navis.
1938 970 2020 1030 ita
2041 969 2253 1029 Africa

0 1098 14 1122 .
276 1049 591 1113 Hannibal
630 1050 930 1124 excessit,
972 1049 1224 1126 saepius
1268 1051 1504 1125 patriae
1545 1067 1733 1127 quam
1759 1068 1939 1112 suum
1969 1061 2254 1114 eventum

0 1129 20 1209 *f
281 1133 634 1193 miseratus,
700 1133 920 1195 eodem
960 1133 1061 1193 die
1100 1133 1161 1192 in
1193 1134 1509 1195 Cercinam
1548 1136 1812 1196 insulam
1850 1135 2101 1197 traiecit.
2144 1135 2253 1198 ubi

0 1212 1 1217 ’
282 1233 429 1277 cum
466 1215 530 1275 in
580 1223 763 1291 portu
812 1233 1003 1277 naves
1056 1216 1291 1293 aliquot
1326 1217 1700 1280 Phoenicum
1749 1220 2062 1281 onerarias
2113 1237 2253 1281 cum

281 1298 595 1360 mercibus
625 1300 980 1375 invenisset,
1015 1309 1077 1363 et
1103 1301 1186 1362 ad
1213 1316 1535 1376 egressum
1565 1319 1705 1364 eum
1734 1320 1769 1363 e
1797 1319 1955 1364 nave
1993 1319 2250 1364 concur-

282 1399 402 1444 sus
432 1383 820 1444 salutantium
849 1391 1017 1446 esset
1045 1387 1276 1459 factuS,
1319 1387 1859 1460 percunctantibus
1887 1388 2152 1460 legatum
2180 1403 2253 1447 se

277 1466 516 1545 Tyrum
541 1465 798 1529 missum
828 1469 947 1527 dici
975 1469 1172 1529 i'ussit.
1242 1467 1474 1529 veritus
1502 1476 1734 1542 tamen,
1779 1485 1859 1529 ne
1889 1485 2013 1544 qua
2040 1485 2251 1529 earum

281 1551 468 1611 navis
498 1557 678 1612 nocte
706 1551 988 1627 profecta
1012 1551 1327 1627 Thapsum
1356 1561 1460 1613 aut
1484 1552 1921 1614 Hadrumetum
1950 1553 2253 1614 nuntiaret

281 1649 364 1695 se
402 1633 693 1695 Cercinae
741 1636 973 1707 visum,
1024 1634 1330 1696 sacrificio
1383 1637 1667 1712 apparari
1708 1637 1881 1699 iusso
1923 1638 2249 1712 magistros

281 1719 536 1779 navium
563 1726 1061 1795 mercatoresque
1082 1718 1324 1780 invitari
1347 1719 1542 1794 iussit,
1567 1727 1627 1780 et
1648 1724 1783 1780 vela
1806 1738 1945 1781 cum
1968 1720 2249 1781 antennis

284 1817 373 1862 ex
405 1801 664 1864 navibus
708 1805 1061 1878 corrogari,
1091 1811 1158 1864 ut
1186 1803 1403 1864 umbra
1428 1837 1515 1848 --
1542 1807 1765 1865 etenim
1802 1803 2004 1864 media
2043 1813 2249 1870 aestas

286 1887 448 1946 rorte
496 1893 631 1948 erat
655 1920 739 1932 -
769 1887 1128 1949 cenantibus
1169 1889 1231 1948 in
1271 1889 1472 1949 littore
1515 1888 1707 1949 fieret.
1776 1894 2003 1964 quanto
2044 1902 2148 1948 res
2192 1894 2255 1946 et

285 1980 532 2047 tempus
578 1971 948 2048 patiebatur,
993 1980 1295 2049 apparatu
1336 1971 1677 2035 celebratae
1717 1972 1851 2034 eius
1882 1971 2003 2033 diei
2032 1972 2252 2047 epulae

285 2064 466 2127 sunt;
515 2058 827 2131 multoque
867 2057 1012 2119 vino
1057 2058 1118 2117 in
1156 2072 1363 2118 serum
1404 2057 1603 2118 noctis
1640 2055 1985 2127 convivium
2020 2055 2250 2132 produ·

286 2148 472 2201 ctum.
538 2140 842 2202 Hannibal
889 2157 1026 2203 cum
1072 2142 1333 2217 primum
1374 2140 1623 2201 fallendi
1664 2158 1774 2202 eos
1816 2141 1924 2218 qui
1963 2143 2029 2209 in,
2072 2146 2255 2216 portu

291 2233 464 2286 erant
510 2233 753 2300 tempus
798 2224 1036 2300 habuit,
1099 2241 1320 2286 navem
1370 2225 1573 2286 solvit.
1645 2225 1830 2285 ceteri
1879 2226 2064 2299 sopiti
2113 2240 2253 2284 cum

0 2342 9 2371 ;
289 2316 543 2385 postero
576 2308 677 2371 die
695 2309 940 2370 tandem
962 2324 1041 2370 ex
1064 2325 1281 2371 somno
1308 2308 1473 2384 pleni
1496 2308 1785 2383 crapulae
1815 2307 2249 2379 surrexissent,

0 2402 7 2411 “
286 2393 374 2453 ad
401 2392 467 2453 id
495 2393 665 2469 quod
691 2409 898 2455 serum
925 2401 1082 2468 erat,
1123 2393 1358 2469 aliquot
1384 2392 1569 2451 horas
1598 2391 1937 2451 referendis
1966 2392 2029 2450 in
2058 2404 2251 2449 naves

288 2477 796 2554 collocandisque
809 2484 869 2537 et
881 2476 1164 2554 aptandis
1190 2476 1577 2537 armamentis
1594 2474 2086 2551 absumpserunt.
2112 2473 2253 2533 Car-

284 2559 537 2635 thagine
575 2568 639 2622 et
675 2561 1072 2623 multitudinis
1115 2562 1411 2623 adsuetae
1452 2561 1700 2622 domum
1730 2558 2089 2620 Hannibalis
2134 2558 2253 2616 fre·

21 2693 36 2700 -
289 2650 591 2719 quentare
633 2661 974 2707 concursus
1004 2646 1085 2707 ad
1110 2646 1483 2707 vestibulum
1520 2644 1765 2707 aedium
1806 2644 2144 2705 estractus.
2188 2649 2256 2703 ut

285 2744 419 2789 non
461 2744 820 2804 comparere
861 2745 998 2789 eum
1039 2731 1351 2805 vulgatum
1395 2737 1519 2803 est,
1570 2730 1632 2787 in
1672 2729 1871 2790 forum
1899 2728 2078 2790 turba
2107 2743 2251 2787 con-

41 2852 46 2855 ·
286 2811 458 2871 venit
484 2811 824 2888 principem
861 2812 1120 2874 civitatis
1157 2814 1592 2887 quaerentium.
1650 2819 1712 2874 et
1740 2812 1839 2873 alii
1868 2814 2075 2889 fugam
2106 2827 2249 2872 con·

289 2892 513 2968 scisse,
546 2896 610 2956 id
640 2896 810 2970 quod
840 2905 997 2966 erat,
1030 2898 1132 2957 alii
1159 2898 1381 2958 fraude
1407 2898 1822 2961 Romanorum
1850 2896 2253 2968 interfectum,

287 2977 481 3054 idque
504 2979 722 3055 magis,
751 2981 937 3055 vulgo
963 2982 1332 3050 fremebant3
1374 2982 1709 3056 variosque
1732 2984 1939 3041 vultus
1964 2993 2251 3040 cerneres

0 3114 2 3126 .
285 3062 449 3121 utin
479 3061 722 3124 civitate
754 3064 1011 3124 aliorum
1040 3065 1191 3125 alias
1216 3071 1424 3140 partes
1446 3066 1783 3126 foventium
1803 3072 1864 3124 et
1884 3061 2252 3123 factionibus

0 3153 16 3208 ε
289 3143 585 3208 discordi.
655 3146 860 3209 visum
909 3148 1131 3208 deinde
1175 3148 1467 3208 Cercinae
1515 3163 1657 3207 eum
1696 3147 1943 3207 tandem
1984 3146 2253 3205 adlatum

288 3234 405 3290 est.
457 3229 661 3291 XLIX.
708 3238 771 3292 et
793 3230 1054 3293 Romani
1092 3231 1278 3307 legati
1308 3246 1446 3291 cum
1474 3230 1537 3289 in
1566 3237 1786 3290 senatu
1815 3228 2378 3304 exposuissent—,⁴

290 3322 671 3389 compertum
718 3315 994 3390 patribus
1034 3314 1331 3376 Romanis
1372 3328 1518 3375 esse
1560 3321 1620 3374 et
1657 3312 2004 3388 Philippum
2042 3327 2253 3385 regem

289 3403 432 3456 ante
459 3396 538 3457 ab
565 3398 907 3460 Hannibale
946 3399 1209 3459 maxime
1251 3413 1585 3459 accensum
1611 3398 1838 3459 bellum
1867 3396 2100 3472 populo
2127 3395 2250 3458 Ro-

289 3493 473 3541 mano
515 3480 772 3558 fecisse,
817 3490 879 3542 et
916 3498 1078 3547 nunc
1118 3483 1351 3544 litteras
1390 3482 1762 3559 nuntiosque
1803 3481 1880 3541 ab
1911 3496 1986 3540 eo
2018 3478 2098 3542 ad
2126 3480 2252 3539 An-
