2548 3950
405 221 488 288 52
730 221 960 282 LIBER
986 215 1220 280 XXXII.
1269 221 1435 282 cAP.
1460 227 1510 281 7.
1534 229 1587 284 8.
1634 227 1707 294 [a.
1733 224 1798 278 U.
1826 242 1873 277 c.
1899 224 2025 291 554]

403 375 604 437 mitius
655 373 924 449 Lepidus
969 380 1028 433 et
1077 373 1180 432 Cn.
1238 371 1553 433 Cornelius
1594 371 1805 448 Scipio
1859 373 2185 448 pontifices
2240 373 2369 436 sui·

408 460 548 519 fecti
576 465 735 518 sunt.

571 542 728 602 VIII.
776 541 919 602 Sex.
933 541 1146 601 Aelius
1170 540 1393 602 Paetus
1417 541 1484 600 T.
1500 539 1817 614 Quinctius
1836 539 2213 602 Flamininus
2242 557 2371 602 ma·

405 627 661 702 gistratu
687 625 835 686 inito
864 622 1142 686 senatum
1169 625 1229 685 in
1255 623 1565 700 Capitolios
1585 639 1722 684 cum
1742 623 2121 700 habuissent,
2156 626 2367 685 decre-

409 717 626 772 verunt
663 716 902 786 patres,
952 715 1018 769 ut
1058 708 1410 784 provincias
1452 708 1876 768 Macedoniarn
1915 715 2100 784 atque
2133 710 2368 770 Italiam

407 794 696 855 consules
741 798 1168 867 compararent
1199 793 1357 853 inter
1384 807 1456 852 se
1484 791 1956 852 sortirenturvez
2002 794 2123 854 utri
2154 807 2367 854 eorum

403 876 769 939 Macedonia
823 876 1162 952 evenisset,
1225 879 1287 936 in
1341 877 1833 952 supplementum
1887 875 2201 952 legionum
2258 876 2367 936 tria

406 963 570 1024 milia
609 962 860 1022 militum
885 961 1302 1022 Romanorum
1342 960 1637 1020 scriberet
1677 965 1739 1021 et
1763 967 2072 1022 trecentos
2110 962 2365 1036 equiteS‚

407 1047 549 1107 item
592 1044 902 1107 sociorum
943 1051 1004 1106 et
1028 1044 1224 1104 Latini
1267 1043 1531 1104 nominis
1576 1043 1847 1120 quinque
1880 1045 2045 1105 milia
2074 1045 2367 1120 peditum,

409 1131 776 1204 quingentos
806 1127 1067 1203 equites.
1131 1129 1303 1188 alteri
1332 1128 1573 1188 consuli
1598 1145 1800 1190 novus
1832 1129 2029 1189 omnis
2058 1131 2370 1190 exercitus

407 1214 714 1273 decretus,
759 1213 827 1272 L.
850 1212 1108 1273 Lentulo
1139 1212 1364 1288 prioris
1394 1212 1537 1273 anni
1565 1213 1805 1275 consuli
1836 1219 2232 1290 prorogatum
2259 1212 2370 1273 im·

408 1297 644 1372 perium
674 1303 797 1371 est,
841 1296 1191 1373 vetitusque
1219 1303 1324 1358 aut
1350 1295 1486 1372 ipse
1517 1297 1834 1371 provincia
1861 1297 2169 1358 decedere
2186 1297 2371 1373 ‘prius

409 1387 510 1442 aut
545 1387 818 1442 veterem
858 1380 1168 1461 deducere
1205 1380 1541 1442 exercitum
1554 1427 1569 1456 ‚
1614 1396 1799 1455 quam
1841 1393 1979 1442 cum
2009 1378 2373 1458 'legionibus

405 1467 586 1526 novis
619 1467 836 1526 consul
863 1464 1154 1528 venisset.
1221 1465 1416 1526 sortiti
1448 1466 1737 1526 consules
1767 1465 2151 1542 provincias=
2190 1466 2373 1526 Aelio

405 1549 592 1622 ltalia,
622 1551 901 1623 Quinctio
931 1550 1298 1610 Macedonia
1324 1549 1543 1609 evenit.
1604 1553 1921 1626 praetores
1946 1550 2016 1608 L.
2050 1549 2372 1610 Cornelius

405 1631 641 1694 Merula
667 1632 980 1706 urbanam,
1015 1633 1094 1691 Μ.
1129 1633 1417 1694 Claudius
1449 1631 1734 1708 Siciliam,
1761 1633 1843 1694 M.
1872 1633 2128 1694 Porcius
2162 1631 2373 1694 Sardi-

407 1719 594 1785 niam5
619 1715 681 1774 C.
704 1715 956 1776 Helvius
977 1716 1235 1777 Galliam
1263 1724 1361 1777 est
1388 1717 1658 1779 sortitus,
1705 1718 1962 1778 dilectus
1990 1717 2135 1778 inde
2157 1717 2374 1778 haberi

408 1807 504 1862 est
533 1807 811 1877 coeptus.
875 1799 1016 1861 nam
1043 1808 1287 1876 praeter
1325 1803 1683 1864 consulares
1712 1802 2019 1862 exercitus
2046 1807 2373 1878 praetores

410 1900 660 1962 quoque
700 1884 857 1946 iussi
898 1884 1170 1944 'scribere
1197 1884 1418 1946 milites
1448 1893 1649 1946 erant=
1692 1885 1982 1946 Marcello
2009 1885 2072 1945 in
2102 1883 2375 1946 Siciliam

411 1975 694 2045 quattuor
719 1968 886 2030 milia
912 1967 1184 2045 peditum
1210 1969 1451 2031 socium
1472 1969 1668 2032 Latini
1690 1967 1956 2031 nominis
1979 1977 2041 2032 et
2058 1975 2373 2031 trecentos

409 2054 648 2129 equites
665 2100 679 2126 ‚
731 2053 940 2114 Catoni
986 2054 1044 2113 in
1079 2053 1423 2115 Sardiniam
1463 2071 1546 2115 >ex
1590 2054 1811 2115 eodem
1852 2068 2081 2130 genere
2115 2053 2373 2115 militum

408 2138 532 2199 duo
570 2134 741 2199 milia
778 2138 1049 2213 peditum
1065 2185 1079 2213 ,
1125 2139 1423 2201 ducentos
1468 2138 1705 2214 equites
1722 2186 1737 2214 ,
1780 2138 1862 2199 ita
1886 2142 1953 2199 ut
1978 2138 2019 2198 ii
2047 2145 2372 2214 praetores

405 2222 617 2296 ambo,
659 2238 797 2284 cum
836 2222 900 2281 'in
943 2224 1297 2298 provincias
1342 2222 1685 2295 venissent,
1731 2229 1971 2283 veteres
2003 2222 2373 2283 dimitterent

407 2308 646 2383 pedites
677 2308 1058 2383 equitesque.

571 2389 759 2452 Attali
802 2391 1026 2452 deinde
1067 2391 1234 2466 regis
1280 2394 1514 2467 legatos
1552 2392 1614 2451 in
1645 2398 1924 2452 senatum
1953 2392 2251 2453 eonsules
2281 2391 2368 2450 in·

408 2474 830 2534 troduxerunt.
869 2475 910 2533 ii
936 2488 1146 2547 regem
1173 2476 1376 2535 classe
1406 2491 1521 2535 sua
1549 2474 1872 2551 copiisque
1899 2474 2187 2536 omnibus
2208 2482 2372 2536 terra

405 2555 684 2632 marique
723 2570 852 2614 rem
879 2556 1218 2616 Romanam
1248 2558 1463 2619 iuvare
1476 2604 1493 2633 ,
1534 2574 1821 2635 quaeque
1848 2560 2220 2635 imperarent
2248 2558 2369 2619 Ro-

403 2638 566 2699 mani
607 2639 897 2700 consules
923 2638 1184 2715 impigre
1213 2648 1399 2718 atque
1424 2642 1784 2705 obedienter
1813 2643 1893 2704 ad
1922 2660 2057 2704 earn
2090 2644 2254 2703 diem
2284 2643 2368 2702 fe-

408 2724 571 2785 cisse
599 2738 738 2784 cum
766 2723 1236 2801 exposuissent,
1279 2727 1479 2787 vereri
1506 2727 1809 2802 dixerunt,
1854 2741 1933 2788 ne
1960 2728 2025 2788 id
2053 2735 2371 2803 praestare

407 2807 464 2866 ei
494 2820 607 2881 per
631 2806 1003 2869 Antiochum
1041 2824 1250 2885 regem
1284 2811 1443 2872 ultra
1469 2828 1592 2873 non
1623 2812 1861 2872 liceretz
1905 2828 2172 2874 vacuum
2196 2824 2368 2871 nam-

408 2906 530 2967 que
577 2890 905 2965 praesidiis
955 2894 1277 2955 navalibus
1318 2896 1844 2971 terrestribusque
1883 2910 2139 2971 regnum
2182 2894 2371 2955 Attali

402 2975 774 3037 Antiochum
813 2976 1141 3037 invasisse.
1207 2979 1417 3055 itaque
1445 2979 1715 3041 Attalum
1758 2994 1940 3041 orare
1979 2987 2191 3055 patres
2220 2994 2366 3039 con-

406 3060 702 3137 scriptOS,
749 3060 800 3122 si
833 3076 950 3122 sua
976 3062 1162 3121 classi
1191 3078 1433 3138 suaque
1460 3064 1767 3140 operanti
1798 3064 1874 3125 ad
1902 3062 2367 3146 Macedonicum

399 3144 628 3206 bellum
657 3146 913 3220 vellent,
955 3145 1258 3207 mitterent
1285 3147 1407 3222 ipsi
1437 3148 1809 3222 praesidium
1840 3149 1921 3208 ad
1946 3161 2204 3223 reg-num
2234 3144 2364 3207 eius

403 3230 747 3291 uitandum-z
809 3229 863 3291 si
891 3230 956 3290 id
999 3230 1257 3307 nollent,
1307 3232 1511 3307 ipsum
1557 3233 1637 3293 ad
1665 3248 1781 3293 sua
1809 3232 2200 3293 defendenda
2228 3246 2367 3291 cum

403 3312 606 3373 classe
635 3328 709 3371 ac
735 3313 990 3389 reliquis
1014 3314 1211 3391 copiis
1231 3315 1437 3376 redire
1460 3323 1827 3393 paterentur.
1870 3322 2122 3378 senatus
2141 3314 2365 3390 legatis

393 3391 488 3453 ita
513 3396 879 3469 responderi
921 3398 1130 3459 iussin
1199 3400 1368 3475 quod
1395 3415 1507 3460 rex
1534 3401 1773 3462 Attalus
1806 3402 2009 3461 classe
2038 3399 2369 3475 copiisque

405 3478 540 3536 aliis
595 3478 786 3537 duces
813 3478 1126 3541 Romanos
1176 3480 1465 3559 iuvisset,
1516 3484 1579 3544 id
1622 3491 1858 3560 gratum
1906 3481 2144 3545 senatui
2189 3498 2367 3544 esse:
