2548 3950
593 206 820 268 LIBER
839 205 1050 266 XXXI.
1094 205 1257 268 CAP.
1280 213 1367 268 37.
1390 214 1479 269 38.
1526 213 1598 280 [a.
1626 213 1689 264 C.
1715 213 1840 279 200]
2106 211 2193 274 33

233 359 518 434 legiones
549 373 584 418 e
615 357 835 419 castris
877 355 1083 420 educit
1124 365 1185 420 et
1221 357 1463 434 agmine
1506 361 1803 436 quadrato
1848 365 1923 424 ad
1956 365 2193 428 hostem

233 441 422 504 ducit.
485 441 753 517 dispersi
781 441 1022 517 equites
1051 458 1165 518 per
1193 459 1377 518 agros
1410 444 1655 520 quidam
1686 447 2059 524 aberrarunt,
2090 451 2194 510 de-

234 527 399 602 cepti
448 525 819 586 clamoribus
871 525 1007 588 aliis
1056 542 1136 586 cx
1173 527 1293 587 alio
1343 527 1780 590 exsistentibus
1822 533 1995 603 loco;
2049 550 2193 610 pars

232 609 375 671 obv
361 626 458 670 tos
486 608 832 671 habuerunt
856 609 1073 684 hostis.
1116 610 1395 686 pluribus
1424 612 1579 673 locis
1608 611 1787 674 simul
1818 631 2023 690 pugna
2052 633 2193 678 coe·

232 693 339 792 pit.
398 691 569 768 regia
609 693 789 754 statio
832 692 1280 755 atrocissimum
1319 697 1617 770 proelium
1662 697 1911 760 edebat·
1967 717 2108 760 narn
2136 709 2197 762 et

231 777 373 853 ipsa
414 775 796 838 multitudine
837 776 1110 852 equitum
1152 778 1548 855 peditumque
1590 795 1787 855 prope
1828 781 1989 844 iusta
2029 785 2193 846 acies

232 869 380 935 erat,
409 867 473 920 et
497 861 932 933 Romanorum,
977 860 1126 944 quia
1143 861 1411 921 medium
1440 863 1769 924 obsederat
1792 865 1923 942 iter,
1950 868 2193 942 plurimi

231 945 290 1003 in
336 960 472 1004 eam
515 944 945 1004 inferebantur.
1015 959 1090 1003 eo
1134 960 1383 1018 quoque
1423 947 1780 1020 superiores
1816 947 2192 1011 Macedones

232 1034 436 1102 erant,
485 1028 650 1102 quod
697 1035 757 1088 et
795 1025 912 1088 rex
949 1027 1088 1103 ipse
1125 1027 1401 1088 hortator
1440 1030 1680 1104 aderat,
1729 1037 1789 1092 et
1818 1031 2193 1094 Cretensium

227 1111 561 1172 auxiliares
583 1113 805 1175 multos
833 1127 912 1171 ex
933 1112 1270 1186 improviso
1293 1113 1713 1188 vulnerabant,
1740 1115 1995 1177 conferti
2014 1133 2191 1192 prae-

226 1197 550 1272 paratique
583 1195 643 1254 in
679 1196 1000 1271 dispersos
1033 1201 1092 1256 et
1121 1195 1356 1257 effusos
1383 1205 1749 1272 pugnantes.
1808 1200 2033 1275 quodsi
2061 1217 2185 1262 mo-

231 1279 378 1339 dum
419 1280 482 1338 in
524 1279 909 1353 insequendo
950 1279 1339 1353 habuissent,
1383 1297 1506 1340 non
1543 1283 1601 1341 in
1632 1283 1977 1356 praesentis
2005 1287 2190 1346 modo

227 1361 575 1428 certaminis
615 1363 872 1437 gloriam
909 1364 1023 1424 sed
1051 1363 1112 1424 in
1143 1379 1440 1423 summam
1470 1365 1650 1424 etiam
1678 1365 1821 1426 belli
1850 1367 2192 1442 profectum

225 1447 417 1507 foret=
489 1460 653 1506 nunc
704 1446 990 1506 aviditate
1041 1445 1249 1506 caedis
1300 1447 1802 1521 intemperantius
1852 1451 2076 1525 secuti,
2129 1450 2192 1512 in

224 1545 632 1606 praegressas
674 1546 812 1591 cum
851 1529 1110 1592 tribunis
1151 1531 1399 1590 militum
1444 1530 1729 1592 cohortes
1757 1533 2069 1596 Romanas
2100 1535 2186 1596 in-

226 1613 470 1683 cidereg
526 1621 588 1674 et
628 1613 869 1690 fugiens
901 1628 1126 1690 equeS,
1169 1620 1236 1675 ut
1273 1615 1471 1689 primo
1514 1615 1691 1690 signa
1729 1633 1982 1677 suorum
2019 1617 2192 1692 vidit,

224 1697 528 1758 convertit
565 1698 628 1757 in
669 1696 934 1758 effusum
973 1697 1215 1758 hostem
1256 1713 1487 1774 equ08,
1527 1715 1839 1776 versaque
1878 1709 2189 1763 momento

221 1780 521 1857 temporis
551 1782 796 1842 fortuna
823 1796 1069 1856 pugnae
1098 1788 1195 1843 est
1221 1787 1392 1857 terga
1422 1783 1707 1844 dantibus
1738 1785 1843 1860 qui
1872 1785 2058 1847 modo
2090 1801 2187 1846 se-

221 1866 348 1926 cuti
377 1871 570 1924 erant.
637 1864 806 1925 multi
833 1865 1171 1925 comminus
1202 1867 1539 1941 congressi,
1570 1869 1739 1928 multi
1769 1868 2070 1942 fugientes
2098 1869 2188 1927 in-

218 1948 480 2010 terfecti..
522 1965 637 2011 nec
668 1951 831 2010 ferro
861 1955 1092 2011 tantum
1121 1948 1379 2025 periere,
1412 1950 1527 2012 sed
1554 1951 1615 2012 in
1649 1951 1905 2026 paludes
1938 1951 2187 2029 quidam

221 2032 485 2095 coniecti
523 2034 833 2109 profundo
877 2033 1018 2093 limo
1065 2048 1202 2095 cum
1229 2033 1385 2109 ipsis
1414 2034 1593 2109 equis
1622 2035 1827 2097 hausti
1854 2042 2013 2097 sunt.
2068 2052 2183 2098 rex

224 2132 480 2195 quoque
521 2118 583 2178 in
625 2118 898 2193 periculo
931 2117 1082 2179 fuit:
1125 2134 1267 2177 nam
1306 2125 1521 2179 ruente
1564 2118 1776 2179 saucio
1820 2134 1981 2193 equo
2011 2134 2188 2195 prae—

223 2216 380 2276 ceps
411 2201 489 2261 ad
517 2208 740 2261 terram
769 2202 946 2263 datus
974 2200 1141 2261 haud
1167 2203 1420 2261 multum
1444 2200 1653 2275 abfuit,
1676 2203 1821 2275 quin
1844 2202 2053 2263 iacens
2078 2218 2181 2277 op-

219 2286 604 2359 primerctur.
679 2285 859 2346 saluti
909 2284 1020 2345 fuit
1066 2299 1293 2358 equeS‚
1356 2286 1459 2357 qui
1498 2284 1721 2357 raptim
1768 2285 1905 2358 ipse
1946 2284 2189 2344 desiluit

222 2369 650 2445 pavidumque
687 2384 895 2444 regem
937 2369 998 2427 in
1041 2382 1266 2443 equum
1306 2366 1583 2427 subiecit.
1648 2368 1786 2443 ipse
1826 2382 1967 2427 cum
1993 2366 2189 2443 pedes

221 2468 498 2529 aequare
527 2468 716 2513 cursu
756 2452 1058 2527 fugientes
1086 2466 1212 2511 non
1239 2457 1459 2525 posset
1485 2450 1755 2527 equiteS,
1799 2450 1876 2511 ab
1905 2450 2188 2513 hostibus

219 2538 302 2597 ad
349 2552 560 2597 casum
599 2536 765 2612 regis
809 2536 1124 2596 concitatis
1169 2536 1502 2596 confossus
1539 2535 1713 2611 perit.
1778 2550 1889 2595 rex
1932 2536 2186 2595 circum-

223 2628 444 2681 vectus
483 2620 744 2695 paludes
786 2618 1032 2695 pervias
1080 2618 1371 2695 inviaque
1417 2620 1655 2695 trepida
1694 2620 1841 2694 fuga
1880 2618 1940 2679 in
1985 2614 2187 2679 castra

222 2704 502 2778 tandem,
542 2706 665 2765 iam
707 2702 1180 2778 desperantibus
1221 2703 1539 2779 plerisque
1565 2703 1932 2764 incolumem
1958 2717 2181 2765 evasu-

220 2804 392 2863 rum,
441 2788 736 2863 pervenit.
803 2786 1047 2848 ducenti
1093 2785 1502 2847 Macedonum
1553 2787 1789 2861 equites
1833 2801 1907 2847 eo
1950 2786 2191 2863 proelio

222 2870 492 2949 periere,
535 2878 778 2932 centum
819 2873 1010 2930 ferme
1045 2871 1238 2946 capti;
1288 2872 1599 2945 octoginta
1625 2871 1955 2931 admodum
1986 2868 2185 2931 ornati

219 2954 368 3031 equi
399 2949 828 3029 spoliis'simul
858 2969 1166 3016 armorum
1192 2954 1401 3015 relatis
1431 2954 1695 3015 abducti.

391 3038 712 3099 XXXVIII.
757 3036 956 3099 Fuere
986 3039 1090 3113 qui
1117 3038 1237 3099 hoc
1269 3038 1369 3099 dic
1398 3054 1606 3113 regem
1636 3037 2007 3109 temeritatis,
2040 3050 2183 3097 con-

219 3116 421 3184 s'ulem
462 3121 760 3197 segnitiae
801 3130 1182 3183 accusarent.
1247 3138 1388 3181 nam
1429 3129 1490 3182 et
1526 3121 1809 3193 Philippo
1864 3118 2184 3193 quiescen-

219 3208 372 3267 dum
418 3206 644 3277 fuisse,
697 3221 835 3267 cum
885 3206 1102 3280 paucis
1154 3205 1373 3265 diebus
1423 3204 1637 3265 hostes
1680 3201 1978 3262 exhausto
2022 3200 2187 3263 circa

219 3290 388 3353 omni
417 3306 568 3365 agro
599 3290 679 3350 ad
708 3288 980 3349 ultimum
1009 3288 1257 3363 inopiae
1284 3293 1579 3348 venturos
1610 3285 1827 3353 sciret;
1872 3291 1936 3346 et
1962 3300 2183 3347 consu-

216 3376 359 3448 lem,
390 3390 530 3434 cum
552 3372 887 3447 equitatum
909 3371 1176 3434 hostium
1194 3373 1516 3445 levemque
1540 3376 1901 3431 armaturam
1923 3368 2187 3430 fudisset

215 3472 296 3519 ae
319 3472 517 3533 prope
537 3472 744 3531 regem
769 3456 970 3530 ipsum
995 3456 1283 3531 cepisset,
1300 3454 1575 3531 protinus
1592 3454 1672 3514 ad
1696 3458 1898 3515 castra
1918 3450 2183 3515 hostiurn

301 3558 355 3599 τ.
400 3556 526 3599 ωνῐ
569 3554 721 3599 raas
763 3540 865 3597 lv.
1729 3544 1766 3597 3
