2548 3950
587 235 818 296 LIBER
840 236 1104 296 XXXVI.
1152 235 1316 296 cAP.
1347 244 1401 297 9·
1426 245 1512 299 10.
1553 244 1625 311 [a.
1651 244 1714 296 C.
1740 246 1865 311 191]
2078 243 2200 303 229

229 385 701 452 se'rhessaliam
721 384 1003 445 intrasse.
1043 383 1264 446 similia
1287 386 1366 446 iis
1388 388 1493 463 qui
1519 404 1659 449 cum
1679 388 1966 453 Pheraeis
1992 405 2198 467 ageret

226 473 484 547 missus.
530 469 628 531 cui
657 469 824 530 nullo
854 469 1001 530 dato
1025 483 1369 545 responso,
1396 470 1653 533 Pheraei
1675 473 1796 549 ipsi
1823 476 2088 549 legatum
2118 481 2197 537 ad

238 566 444 633 ηοω
473 550 814 630 principem
848 551 1106 614 civitatis
1135 551 1503 616 Pausaniam
1544 556 1874 627 miserunt3
1924 563 2026 635 qui
2060 579 2196 621 cum

226 640 401 703 band
427 636 748 699 dissimilia
775 636 871 711 iia,
899 643 966 697 ut
994 637 1054 695 in
1085 652 1278 699 causa
1306 637 1467 714 pari,
1505 654 1666 715 quae
1693 656 1810 716 pro
1841 643 2194 705 Chalciden-

224 724 412 786 sibus
436 721 501 783 in
529 720 842 798 colloquio
869 721 951 781 ad
976 721 1190 797 Euripi
1220 723 1440 783 fretum
1470 721 1635 785 dieta
1660 734 1861 802 erant,
1894 731 2192 803 quaedam

223 807 412 869 etiam
442 805 709 867 ferocius
740 805 1001 880 egisset,
1051 820 1164 866 rex
1205 807 1386 867 etiam
1428 813 1625 883 atque
1645 810 1824 870 etiam
1856 812 2194 873 deliberare

222 908 345 954 eos
367 892 606 965 iussos,
634 906 715 950 ne
735 890 807 949 id
822 889 1069 949 consilii
1090 898 1414 966 caperent,
1447 893 1639 966 cuius,
1672 895 1819 955 dum
1842 894 1903 954 in
1926 899 2192 965 futurum

221 975 412 1037 nimis
442 972 605 1035 cauti
632 980 695 1035 et
720 972 965 1050 previdi
995 981 1238 1048 essent,
1281 977 1590 1051 extemplo
1618 978 1984 1053 paeniteret,
2022 983 2188 1039 dimi-

221 1061 328 1121 sit.
372 1058 531 1120 haee
555 1059 902 1119 renuntiata
923 1056 1155 1119 Pheras
1185 1060 1415 1134 legatio
1442 1073 1580 1120 cum
1608 1069 1805 1135 esset,
1837 1076 1916 1123 ne
1944 1067 2188 1139 paulum

225 1145 489 1227 quadem>
524 1143 905 1216 dubitarunt,
951 1143 1098 1217 quin
1139 1159 1253 1219 pro
1295 1144 1421 1204 fide
1450 1157 1599 1220 erg-a
1624 1144 1968 1221 RomanoS,
2016 1151 2188 1223 quid-

223 1229 388 1305 quid
409 1229 543 1287 fors
567 1227 714 1288 belli
749 1226 1025 1301 udisset,
1072 1234 1443 1303 paterentur.
1503 1229 1712 1304 itaque
1752 1236 1815 1291 et
1850 1229 1911 1289 hi
1954 1249 2190 1291 summa

222 1328 360 1389 ope.
385 1310 685 1387 parabant
708 1327 782 1372 se
808 1310 893 1370 ad
915 1310 1131 1372 urbem
1167 1311 1645 1388 defendendam,
1689 1320 1750 1375 et
1777 1331 1889 1374 rex
1918 1317 1992 1375 ab
2028 1319 2186 1375 omni

220 1403 409 1473 parte
433 1396 617 1456 simul,-
641 1408 1007 1471 oppugnare
1047 1395 1291 1456 moenia
1336 1404 1431 1457 est
1478 1397 1847 1471 adgressus3
1894 1405 1952 1457 et
1994 1409 2054 1457 ut
2088 1403 2186 1473 qui

221 1481 380 1543 satis
410 1480 786 1555 intellegeret
810 1512 885 1523 --
917 1492 1122 1555 neque
1152 1479 1315 1541 enim
1343 1479 1593 1541 dubium
1620 1487 1755 1541 erat
1772 1481 1938 1541 -in
1970 1492 2190 1541 eventu

196 1565 364 1628 xeius
394 1563 564 1625 urbis
594 1561 864 1639 positum
893 1578 1067 1637 esse,
1112 1579 1299 1638 quam
1338 1565 1592 1639 primam
1634 1564 1968 1641 adgressus
2004 1575 2186 1639 esset,

227 1648 572 1724 nutspemi
601 1647 830 1709 deinde
865 1646 941 1707 ab
983 1647 1277 1710 universa
1318 1656 1497 1724 gente
1525 1648 1958 1710 Thessalorum
1990 1659 2090 1709 aut
2120 1653 2188 1709 ti-

224 1733 385 1795 meri
409 1748 509 1806 se,
553 1747 794 1812 omnem
832 1730 1105 1808 undique
1144 1738 1444 1794 terrorem
1472 1732 1752 1795 obsessis
1780 1734 2000 1795 iniecit.
2070 1736 2186 1809 pri-

223 1834 393 1880 mum
413 1816 705 1892 impetum
721 1816 1193 1892 oppugnationis
1210 1818 1361 1879 satis
1374 1824 1727 1878 constanter
1740 1818 2158 1878 sustinuerunt
2174 1843 2186 1873 ι

226 1899 455 1963 deinde
484 1911 627 1961 cum.
647 1901 822 1961 multi
850 1908 1311 1980 propugnantes
1344 1902 1634 1962 caderent
1666 1908 1772 1963 aut
1801 1902 2186 1962 vulneraren-

224 1994 357 2061 tur,
387 1985 597 2047 labare
623 1985 810 2047 animi
837 1995 1192 2062 coeperunt.
1237 1987 1510 2047 revocati
1532 1985 1759 2047 deinde
1777 1988 2186 2060 castigationi-

223 2071 348 2132 bus
391 2069 734 2146 principum
777 2071 858 2132 ad
897 2072 1422 2146 perseverandum
1463 2071 1524 2128 in
1574 2070 1926 2147 proposito,
1978 2072 2188 2130 relicto

229 2153 538 2218 exteriore
565 2153 794 2216 circulo
825 2155 1012 2228 muri,
1043 2153 1466 2214 deficientibus
1495 2153 1615 2214 iam
1639 2155 1835 2230 copiis
1859 2155 1918 2213 in
1942 2156 2188 2212 ulterio÷

224 2254 361 2301 rem
389 2245 628 2314 partem
653 2239 826 2300 urbis
855 2244 1326 2312 concesserunt,
1370 2238 1468 2298 cui
1508 2238 1755 2299 brevior
1797 2237 1962 2296 orbis
2000 2238 2192 2294 muni-

132 2331 144 2341 ‘
225 2323 416 2385 tinnis
447 2316 872 2384 circumiectus
902 2329 1048 2383 erat.
1095 2328 1409 2398 postremo
1439 2320 1583 2382 victi
1623 2320 1799 2381 malis
1844 2335 1978 2380 cum
2024 2322 2190 2378 time-

225 2413 394 2480 rent,
439 2423 521 2469 ne
556 2407 618 2467 vi
659 2407 855 2482 captis
898 2407 1066 2466 nulla
1105 2405 1274 2482 apud
1300 2406 1595 2466 victorem
1624 2404 1807 2467 venia
1836 2412 2032 2474 essct,
2088 2404 2192 2462 de-

231 2490 524 2553 diderunt
570 2506 734 2552 sese.
817 2490 966 2552 nihil
1015 2489 1160 2551 inde
1205 2496 1481 2552 moratus
1529 2505 1643 2550 rex
1696 2493 1982 2565 quattuor
2032 2488 2196 2546 milia

230 2582 633 2650 amatorum,
684 2575 830 2635 dum
875 2589 1096 2635 recens
1137 2580 1335 2635 terror
1385 2582 1581 2648 esset,
1634 2573 1960 2635 Scotusam
2012 2572 2191 2630 misit.

229 2674 350 2720 nec
380 2658 463 2719 ibi
489 2675 663 2722 mora
691 2658 1023 2721 deditionis
1042 2665 1139 2719 est
1161 2659 1341 2734 facta,
1374 2657 1762 2720 cernentibus
1784 2656 2192 2717 Pheraeorum

226 2757 452 2804 recens
476 2745 840 2819 exemplum,
874 2743 979 2819 qui
1005 2743 1174 2818 quod
1195 2742 1589 2819 pertinaciter
1609 2741 1806 2818 primo
1836 2741 2190 2812 abnuerant,

228 2826 393 2888 malo
421 2827 630 2890 domiti
652 2827 896 2888 tandem
921 2827 1234 2889 fecissent.
1280 2828 1580 2904 cumipse
1598 2826 2194 2902 urbeHippolochus

228 2911 787 2988 Larisaeorumque
810 2912 1082 2973 deditum
1105 2918 1200 2973 est
1220 2912 1617 2989 praesidium.
1687 2910 1922 2972 dimissi
1948 2912 2022 2968 ab
2050 2924 2194 2980 rege

227 2992 506 3056 inviolati
535 3012 780 3070 omnes,
825 2997 996 3071 quod
1037 3013 1173 3056 eam
1212 3013 1342 3057 rem
1382 2998 1586 3071 magni
1614 2993 1905 3056 momenti
1932 2994 2196 3052 futuram

229 3095 346 3140 rex
375 3079 459 3140 ad
486 3080 908 3142 conciliandos
935 3080 1367 3141 Larisaeorum
1398 3081 1635 3140 animos
1666 3077 1970 3139 credebat.

401 3161 475 3223 X.
539 3164 707 3225 Intra
754 3165 1059 3230 decumam
1099 3163 1262 3224 diem
1305 3180 1489 3240 quam
1527 3162 1760 3222 Pheras
1801 3168 2050 3220 venerat
2100 3158 2196 3216 his

227 3247 526 3324 perfectis
572 3247 918 3311 cranonem
953 3248 1269 3324 profectus
1314 3263 1454 3309 cum
1502 3253 1630 3307 toto
1680 3242 1951 3304 exercitu
2002 3244 2196 3318 primo

229 3332 504 3396 adventu
555 3332 735 3410 cepit.
804 3333 948 3394 inde
991 3332 1254 3394 Cierium
1306 3338 1368 3393 et
1406 3329 1801 3406 Metropolim
1848 3334 1910 3388 et
1952 3328 2026 3386 iis
2084 3326 2194 3384 cir-

233 3415 538 3481 cumiecta
585 3417 838 3479 castella
883 3417 1149 3493 recepit;
1213 3415 1542 3492 omniaque
1579 3415 1699 3474 iam
1739 3411 2012 3488 regionis
2064 3412 2196 3468 eius

230 3508 479 3578 praeter
517 3500 807 3564 Atracem
852 3508 915 3563 et
956 3501 1296 3580 Gyrtonem
1335 3500 1395 3561 in
1439 3505 1744 3578 potestate
1793 3504 1984 3558 erant.
2055 3502 2198 3554 tunc
