2548 3950
333 209 564 272 LIBER
583 210 849 272 XXXIV.
875 209 1038 272 CAP.
1055 219 1142 274 54.
1156 221 1244 274 55.
1258 221 1350 276 56.
1377 217 1702 286 [anasse.
1718 219 1966 288 mc.l93]
2013 215 2136 278 169

174 362 366 424 diret?
406 375 629 424 novam
656 361 989 437 superbam
1016 361 1360 438 libidinem,
1393 363 1471 424 ab
1501 365 1730 426 nullius
1759 373 1900 427 ante
1929 369 2134 442 gentis

173 452 384 506 senatu
433 459 639 522 neque
688 445 1103 508 desideratam
1149 461 1356 523 neque
1395 447 1749 509 institutam.
1815 457 2136 526 postremo

172 531 367 606 ipsum
410 543 665 607 quoque
702 529 1059 592 Africanum
1076 576 1092 605 ,
1136 531 1308 606 quod
1347 533 1566 594 consul
1607 539 1827 598 metor
1867 535 2000 596 cius
2041 537 2133 596 rei

173 612 409 688 ruisset,
436 611 835 689 'paenituisse
863 615 1083 674 ferunt.
1144 616 1302 676 adeo
1333 614 1481 676 nihil
1512 623 1743 680 motum
1773 632 1852 678 ex
1875 619 2136 695 antiquo

174 697 482 842 probabi&
508 703 634 762 este
674 698 1005 773 veteribus,
1042 697 1159 764 nisi
1196 713 1356 774 quae
1384 714 1538 760 usus
1569 697 1886 764 evidenter
1915 703 2134 778 arguit,

175 781 310 842 stari
336 798 409 850 sm
467 787 595 843 unt.

316 865 456 938 „LK
484 864 805 940 ,Principio
834 863 1019 936 anni,
1076 880 1200 940 quo
1242 865 1309 924 L.
1357 867 1672 928 Cornelius
1717 869 1783 942 Q.
1828 869 2134 930 Minucius

176 951 453 1016 consules
483 950 757 1021 ruerunt,
774 954 990 1012 -terrae
1014 956 1217 1011 motus
1248 951 1332 1010 ita
1357 951 1558 1018 crebri
1585 952 2036 1026 nuntiabantur,
2066 963 2134 1015 ut

176 1049 291 1095 non
316 1033 404 1094 rei
432 1039 666 1102 tantum
697 1031 897 1108 ipsius
928 1032 1044 1094 sed
1072 1033 1362 1095 seriarum
1393 1050 1642 1112 quoque
1673 1037 1752 1097 ob
1783 1036 1847 1096 id
1875 1036 2127 1100 indicta-

174 1116 941 1192 rmn-hominestaederetz
996 1132 1137 1176 nam
1154 1132 1372 1194 neque
1399 1125 1652 1188 senatus
1684 1119 1896 1186 haberi
1921 1135 2134 1196 neque

175 1216 267 1262 res
296 1201 541 1278 publica
562 1200 971 1264 administrari
991 1208 1231 1276 poterat
1244 1203 2133 1280 sacrificandoexpiandoque

174 1286 483 1362 occupatis
510 1283 903 1358 consulibus.
965 1292 1286 1360 postremo
1329 1286 1696 1348 decemviris
1737 1288 1910 1348 adire
1937 1288 2133 1349 libros

176 1369 383 1446 iussis,
426 1385 511 1440 ex
538 1383 857 1445 ,responso
897 1384 1117 1442 eorum
1160 1370 1531 1444 supplicatio
1563 1385 1678 1445 per
1703 1369 1973 1432 triduum
2002 1371 2132 1430 fuit.

176 1455 435 1516 coronati
462 1454 547 1514 ad
576 1453 781 1519 omnia
806 1451 1153 1529 pulvinaria
1181 1452 1703 1528 supplicaverunt,
1735 1452 2132 1528 edictumque

176 1544 287 1609 est,
312 1542 391 1603 ,ut
416 1552 635 1612 omnes
667 1537 772 1613 qui
794 1553 883 1597 ex
911 1553 1037 1597 una
1064 1536 1294 1596 familia
1319 1543 1532 1602 essent
1559 1537 1789 1612 pariter
1817 1536 2130 1612 supplica-

176 1627 313 1682 rent.
369 1621 517 1682 item
546 1636 638 1684 ex
664 1621 1024 1684 auctoritate
1052 1626 1305 1682 senatus
1336 1621 1627 1682 consules
1655 1620 2008 1694 edixerunt,
2051 1637 2132 1680 ne

178 1705 325 1781 quis,
352 1721 493 1781 -quo
512 1704 625 1774 die
653 1709 854 1766 terrae
882 1711 1053 1768 motu
1080 1704 1355 1764 nuntiato
1386 1704 1577 1771 feriae
1601 1704 1866 1767 indictae
1897 1711 2129 1778 essent,

176 1802 245 1850 eo
272 1788 369 1850 die
405 1789 594 1852 alium
621 1794 834 1854 terrae
861 1796 1092 1850 motum
1133 1789 1455 1850 nuntiaret.
1509 1787 1876 1864 ,provincias
1909 1788 2136 1848 deinde

177 1875 451 1936 consules
472 1873 677 1949 prim,
706 1879 833 1934 tum
860 1881 1179 1946 praetores
1212 1872 1426 1936 sortiti.
1475 1871 1754 1933 cornelio
1780 1867 1991 1944 Gallia,
2019 1869 2131 1930 Mi-

176 1955 344 2018 nucio
371 1957 627 2032 Ligures
660 1959 1039 2025 -evenerunt;
1090 1953 1296 2015 sortiti
1323 1959 1646 2029 praetores
1669 1952 1738 2017 C.
1771 1951 2133 2017 Scribonius

176 2040 489 2114 urbanam,
521 2038 603 2105 M.
631 2038 920 2102 Valerius
954 2036 1357 2113 peregrinam,
1393 2038 1461 2097 L.
1494 2037 1812 2099 Cornelius
1843 2037 2134 2113 Siciliam„

174 2122 235 2181 L.
262 2122 513 2187 Porcius
537 2122 907 2197 Sardiniam,
939 2120 1001 2183 C.
1026 2120 1360 2181 Flaminius
1381 2120 1742 2197 Hispaniam
1769 2121 2132 2195 citeriorem,

176 2204 250 2272 M.
270 2205 524 2271 Fulvius
542 2207 913 2283 Hispaniam
940 2204 1312 2267 ulteriorem.

331 2292 483 2353 LVI.
528 2291 687 2353 Nihil
728 2305 803 2352 eo
848 2306 1011 2351 anno
1054 2287 1197 2349 belli
1238 2287 1742 2365 exspectantibus
1773 2287 2134 2351 consulibus
2165 2332 2402 2363 Μὴ

178 2372 395 2441 litterae
442 2375 529 2439 Μ.
574 2374 765 2437 cincii
786 2408 871 2419 --
904 2374 1255 2451 praefectus
1308 2373 1362 2433 is
1403 2371 1563 2432 Pisis
1614 2379 1744 2435 erat
1761 2403 1850 2415 —
1867 2370 2134 2445 adlatae,

176 2456 449 2534 Ligurum
474 2458 691 2535 viginti
719 2459 885 2521 milia
913 2463 1304 2531 armatorum,
1338 2454 1760 2519 coniuratione
1787 2469 1902 2531 per
1929 2455 2134 2516 omnia

181 2542 575 2610 conciliabula
622 2544 949 2605 universae
998 2543 1197 2617 gentis
1241 2541 1432 2615 facta,
1481 2540 1829 2601 Lunensem
1871 2538 2132 2614 primum

181 2640 379 2699 agrum
418 2629 866 2705 depopulatos,
906 2626 1195 2687 Pisanum
1237 2624 1462 2687 deinde
1490 2624 1676 2687 finem
1701 2631 2131 2699 transgressos

181 2723 408 2774 ornnem
449 2728 619 2783 oram
649 2712 833 2773 maris
858 2724 1254 2787 peragrasse.
1321 2710 1531 2785 itaque
1558 2708 1864 2771 Minucius
1894 2708 2134 2782 consul,

181 2793 271 2853 cui
299 2795 553 2871 Ligures
588 2795 908 2872 provincia
936 2803 1255 2869 evenerat,
1299 2810 1382 2855 ex
1407 2793 1766 2877 auctoritate
1799 2798 2040 2868 patrum
2069 2792 2133 2854 in

180 2874 397 2941 Rostra
422 2880 705 2946 escendit
731 2887 793 2940 et
820 2880 1031 2954 edixit,
1058 2885 1125 2943 ut
1154 2878 1435 2954 legiones
1464 2877 1626 2939 duae
1646 2878 1938 2952 urbanae,
1973 2890 2131 2951 quae

180 2963 490 3037 superiore
530 2981 694 3027 anno
738 2964 1131 3040 conscriptae
1170 2969 1416 3036 essent,
1459 2968 1606 3038 post
1635 2961 1796 3022 diem
1827 2960 2128 3021 decimum

182 3044 391 3109 Arretii
424 3048 752 3113 adessenta
793 3049 854 3109 in
882 3065 1094 3111 earum
1124 3049 1329 3112 locum
1361 3062 1432 3107 se
1460 3046 1617 3107 duas
1648 3044 1924 3119 legiones
1951 3041 2104 3101 urba

181 3142 284 3191 nas
313 3132 696 3209 scripturum.
762 3134 904 3193 item
940 3131 1128 3194 sociis
1158 3136 1219 3190 et
1244 3131 1460 3191 Latino
1491 3127 1739 3200 nomini,
1769 3120 2135 3200 magistrati·

180 3210 289 3274 bus
328 3214 671 3295 legatisque
698 3232 943 3290 eorum,
986 3215 1089 3292 qui
1116 3214 1339 3279 milites
1371 3214 1519 3279 dare
1547 3210 1883 3283 debebant,
1921 3208 2137 3281 edixit,

180 3295 325 3357 utin
355 3296 650 3377 Capitolio
680 3317 753 3363 se
782 3301 1039 3364 adirent.
1094 3297 1171 3359 iis
1202 3295 1554 3373 quindecim
1581 3292 1746 3355 milia
1771 3289 2046 3369 peditum
2071 3298 2142 3352 et

184 3380 539 3458 quingentos
582 3384 855 3461 eqitites,
900 3400 1015 3461 pro
1046 3396 1305 3445 numero
1338 3379 1640 3455 cuiusque
1667 3377 1998 3451 iuniorum,
2043 3374 2143 3439 ai-

182 3464 453 3543 scripsu3
480 3474 545 3529 et
568 3470 713 3531 inde
735 3484 823 3532 ex
844 3466 1145 3547 Capitolio
1170 3466 1456 3547 protinus
1482 3464 1576 3524 ire
1598 3462 1679 3524 ad
1700 3466 1960 3539 portam,
1989 3465 2053 3523 et
2073 3466 2138 3519 ut
