2548 3950
589 182 818 243 cissa
845 182 1082 243 xxxv.
1128 182 1293 242 cAP.
1324 190 1411 244 42.
1444 192 1528 245 43.
1577 190 1649 257 [a.
1680 189 1744 242 c.
1781 190 1901 257 192]
2092 186 2221 271 213

252 338 311 395 sl
335 334 618 407 classem,
643 330 700 395 si
723 333 1056 395 exercitum
1078 333 1311 395 amittat
1327 332 1649 409 Hannibal,
1673 336 1835 396 idem
1858 336 2061 396 damni
2086 339 2220 399 sore

251 433 332 479 ac
359 417 414 479 si
444 432 557 493 per
585 417 770 477 alium
799 417 1018 477 ducem
1051 418 1425 478 amittantur·
1470 418 1523 479 si
1568 418 1715 494 quid
1746 435 2047 517 prospere
2076 436 2218 481 eve-

251 501 409 577 niat,
438 500 798 562 Hannibalis
829 516 992 575 eam,
1025 518 1148 562 non
1177 501 1464 563 Antiochi
1492 502 1751 577 gloriam
1780 504 1931 563 fore.
1984 505 2037 563 si
2066 520 2218 567 vero

251 586 548 647 universo
586 584 749 647 bello
799 585 1085 645 vincendi
1127 587 1443 647 Romanos
1488 587 1730 646 fortuna
1773 588 1977 661 detur,
2032 606 2215 664 quam

252 684 432 745 spem
461 682 606 729 esse
627 668 743 729 sub
765 684 912 744 rege
932 669 1235 730 victurum
1256 669 1689 743 Hannibalem,
1722 670 1829 731 uni
1854 670 2211 748 subiectum,

253 752 359 829 qui
388 750 644 850 patriam
675 768 874 829 prope
903 769 1027 813 non
1056 753 1301 815 tulerit?
1339 770 1465 814 non
1505 753 1590 815 ita
1630 768 1701 815 se
1731 772 1769 815 a
1796 755 2044 817 iuventa
2077 771 2217 816 eum

250 837 559 913 gessisse,
592 851 709 912 spe
737 837 1067 913 animoque
1098 838 1485 912 complexum
1517 838 1683 899 orbis
1706 844 2003 913 terrarum
2024 839 2216 915 impe-

248 921 436 995 rium,
485 927 556 982 ut
593 920 654 979 in
707 927 1024 982 senectute
1056 922 1379 990 ,dominum
1412 921 1663 981 laturus
1703 922 2002 983 videatur.
2066 922 2213 983 nihil

251 1020 412 1080 opus
443 1018 588 1065 esse
615 1005 747 1079 regi
776 1006 935 1066 duce
963 1005 1338 1066 Hannibale:
1390 1005 1610 1066 co'mite
1638 1012 1699 1067 et
1726 1006 2074 1066 consiliario
2107 1021 2203 1067 eo·

249 1089 391 1149 dem
431 1088 512 1149 ad
551 1087 790 1151 bellum*
815 1088 903 1149 uti
945 1104 1154 1165 posse.
1212 1089 1523 1150 modicum
1566 1090 1827 1153 fructum
1857 1086 1937 1151 ex'
1965 1090 2211 1165 ingenio

249 1173 354 1231 tali
383 1187 585 1247 neque
613 1186 1094 1250 gravem‘neque
1121 1174 1391 1235 inutilem
1421 1174 1583 1233 sore:
1626 1174 1679 1234 si
1722 1189 1959 1235 summa
2002 1180 2212 1251 petan-

247 1264 366 1329 tur,
397 1263 458 1329 et
485 1256 730 1317 dantem
754 1264 814 1317 et
835 1257 1234 1332 accipientem
1259 1264 1757 1332 praegravatura.
1800 1258 2004 1319 XLIII.
2046 1260 2215 1319 nulla

247 1339 492 1418 ingenia
517 1347 640 1401 tam
670 1356 866 1416 prona
892 1342 971 1400 ad
1013 1340 1302 1401 invidiam
1346 1346 1492 1401 sunt
1520 1357 1945 1417 quameorum
1975 1342 2077 1417 qui
2106 1358 2211 1416 ge-

247 1440 368 1485 nus
399 1439 471 1486 ac
501 1425 806 1485 fortunam
835 1439 1009 1485 suam
1035 1424 1252 1485 animis
1282 1440 1407 1487 non
1430 1432 1727 1500 aequant,
1762 1425 1906 1499 quia
1928 1425 2209 1485 virtutem

248 1516 310 1569 et
337 1508 570 1569 bonum
597 1502 862 1569 alienum
892 1509 1190 1579 oderunt⁸¹
1230 1510 1540 1585 extemplo
1582 1509 1907 1569 consilium
1934 1508 2209 1569 mittendi

245 1589 635 1666 HannibaliS,
677 1592 846 1669 quod
887 1609 1078 1655 unum
1119 1594 1179 1653 in
1224 1592 1527 1669 principio
1557 1592 1700 1653 belli
1729 1593 1953 1653 utiliter
1980 1593 2207 1667 cogita-

249 1684 375 1737 tum
403 1683 562 1751 erat,
605 1674 904 1737 abiectum
949 1683 1061 1737 est
1127 1677 1531 1737 Demetriadis
1575 1677 1839 1737 maxime
1867 1677 2211 1738 defectione

248 1760 326 1819 ab
350 1760 644 1829 Romanis
674 1760 756 1821 ad
773 1761 1030 1822 Aetolos
1063 1761 1259 1821 elatus
1285 1775 1407 1821 non
1430 1763 1588 1823 ultra
1610 1760 1858 1821 differre
1882 1762 2208 1847 prosectio-
2208 1826 2218 1837 ‚

247 1859 390 1904 nem
429 1844 490 1903 in
505 1844 852 1905 Graeciam
891 1845 1218 1907 constituit.
1285 1846 1645 1922 priusquam
1685 1848 1955 1907 solveret
1992 1860 2210 1919 naveS,

247 1928 420 1990 Ilium
450 1944 487 1990 a
514 1928 665 1990 mari
694 1929 1000 2005 escendit,
1042 1936 1109 1992 ut
1139 1928 1453 1990 Minervae
1493 1930 1888 1991 sacrificaret.
1944 1929 2086 1990 inde
2121 1930 2217 2006 ad,

248 2014 512 2074 classem
551 2028 877 2090 regressus
921 2013 1332 2089 proficiscitur
1378 2015 1779 2090 quadraginta
1817 2013 1994 2074 tectis
2037 2014 2207 2073 navi·

244 2097 395 2171 bus,
426 2098 656 2172 apertis
685 2097 1038 2174 sexaginta3
1069 2104 1131 2159 et
1159 2098 1461 2159 ducentae
1494 2099 1810 2159 onerariae
1840 2112 1977 2158 cum
2008 2098 2207 2158 omnis

246 2181 493 2257 generis
522 2188 866 2244 commeatu
899 2181 1241 2258 bellicoque
1282 2182 1404 2243 alio
1440 2188 1739 2258 apparatu
1768 2181 2207 2256 sequebantur.

245 2265 511 2326 Imhruni
541 2267 736 2342 primo
760 2267 1020 2327 insulam
1041 2267 1264 2336 tenuit;
1307 2265 1450 2326 inde
1476 2264 1787 2326 Sciathum
1805 2264 2058 2324 traiecit.
2100 2265 2203 2325 ubi

247 2350 520 2412 collectis
543 2350 603 2410 in
628 2353 750 2412 alto
763 2366 934 2427 ,quae
957 2351 1295 2426 dissipatae
1316 2355 1489 2410 erant
1509 2349 1770 2410 navibus
1785 2394 1801 2423 ,
1834 2349 1913 2408 ad
1934 2347 2203 2408 Pteleum

243 2433 508 2508 primum
529 2435 893 2496 continentis
913 2434 1098 2496 venit.
1142 2434 1225 2495 ibi
1243 2433 1635 2513 Eurylochus
1659 2435 1714 2493 ei
1735 2432 2203 2507 Magnetarches

244 2516 686 2594 principesque
707 2519 1056 2594 Magnetum
1077 2519 1155 2579 ab
1179 2518 1563 2580 Demetriade
1587 2523 2017 2586 occurrerunt;
2051 2532 2205 2592 quo·

243 2615 383 2663 rum
411 2601 752 2678 frequentia
789 2604 987 2664 laetus
1029 2603 1129 2664 die
1171 2609 1421 2678 postero
1459 2603 1521 2662 in
1564 2609 1807 2677 portum
1835 2601 2007 2661 urbis
2036 2601 2205 2660 navi-

243 2686 364 2745 bus
395 2694 492 2747 est
519 2685 828 2762 invectus,
873 2687 1088 2763 copias
1129 2686 1293 2758 haud
1328 2688 1541 2762 procul
1570 2687 1713 2747 inde
1742 2685 2048 2761 exposuit.
2095 2685 2204 2744 de-

245 2784 382 2831 cem
403 2771 566 2832 milia
591 2771 858 2848 peditum
884 2773 1055 2832 sucre
1068 2778 1128 2832 et
1142 2771 1455 2846 quingenti
1471 2771 1729 2846 equites,
1748 2786 1862 2830 sex
1876 2768 2201 2846 elephanti,

242 2852 349 2914 vix
381 2853 460 2914 ad
489 2853 806 2916 Graeciam
832 2855 1059 2916 nudam
1090 2856 1513 2932 occupandam
1542 2855 1693 2916 satis
1718 2853 2065 2930 copiarum,
2096 2868 2203 2914 ne-

245 2937 391 2998 dum
421 2939 502 3000 ad
529 2939 955 3001 sustinendum
979 2941 1320 3001 Romanum
1348 2940 1591 2999 bellum.

411 3024 646 3096 Aetoli,
693 3031 1020 3100 postquam
1053 3023 1501 3084 Demetriadem
1542 3021 1790 3081 venisse
1829 3019 2199 3080 Antiochum

245 3104 514 3168 adlatum
555 3114 676 3183 est,
725 3105 984 3168 concilio
1027 3105 1257 3167 indicto
1298 3106 1608 3166 decretum
1653 3120 1775 3178 quo
1818 3108 2206 3163 arcesserent

243 3203 385 3248 eum
413 3189 708 3252 fecerunt.
751 3191 872 3252 iam
900 3191 1213 3266 profectus
1243 3188 1321 3249 ab
1350 3187 1734 3248 Demetriade
1762 3201 1905 3260 rex,
1947 3185 2092 3261 quia
2118 3184 2205 3244 ita

242 3272 605 3337 decreturos
635 3275 898 3350 sciebat,
925 3275 1182 3335 Phalara
1208 3274 1268 3332 in
1302 3271 1502 3333 sinum
1522 3271 1846 3332 Maliacum
1877 3283 2201 3346 processe—

240 3365 356 3416 rat.
401 3357 544 3419 inde
572 3359 822 3423 decreto
853 3365 1110 3434 accepto
1132 3356 1403 3419 Lamiam
1423 3355 1618 3429 venit,
1650 3361 1960 3432 exceptus
1975 3350 2221 3428 ingenti

241 3441 462 3504 favore
487 3441 884 3504 multitudinis
917 3457 1052 3503 cum
1080 3441 1403 3520 plausibus
1428 3437 1951 3519 clamoribusque,
1979 3443 2041 3499 et
2070 3435 2199 3512 qui⁶
