2548 3950
357 228 480 291 264
655 228 884 287 121ssssss
913 228 1206 289 xxxvii.
1253 227 1421 287 CAP.
1448 235 1501 287 4.
1527 236 1579 285 5.
1626 234 1699 299 [a.
1725 233 1790 283 U.
1816 230 2047 299 amm·

359 381 471 439 rita
499 378 803 453 stipendia
831 378 948 438 sub
979 378 1346 451 imperatore
1366 376 1429 434 P.
1453 376 1743 437 Africano
1766 375 2096 452 habebant,
2128 394 2319 452 prae·

358 470 452 523 sto
496 464 666 521 fuere
707 460 955 521 exeunti
995 460 1232 520 consuli
1276 465 1336 519 et
1374 460 1621 519 nomina
1661 458 1977 522 dederunt.
2040 476 2152 534 per
2196 478 2319 523 eos

355 544 490 605 dies
522 545 746 619 quibus
775 551 871 605 est
898 545 1214 618 profectus
1243 542 1325 601 ad
1351 542 1575 602 bellum
1606 544 1853 617 consul,
1882 542 2043 603 ludis
2070 545 2313 619 Apolli-

355 628 635 702 naribuS,
666 634 806 687 ante
835 628 996 688 diem
1032 626 1309 701 quintum
1330 626 1471 686 idus
1496 626 1855 700 QuinctileS,
1882 628 2053 688 caelo
2084 642 2320 704 sereno

355 712 618 772 interdiu
655 712 983 773 obscurata
1023 711 1130 768 lux
1172 716 1297 779 est,
1354 724 1491 767 cum
1526 710 1673 768 luna
1720 710 1837 771 sub
1892 709 2103 770 orbem
2152 712 2317 771 solis

353 794 640 855 subisset.
703 802 764 854 et
790 794 855 853 L.
891 792 1190 853 Aemilius
1229 791 1533 867 Regillus,
1575 792 1675 853 cui
1715 794 1949 852 navalis
1986 794 2318 868 provincia

353 887 671 949 evenerat,
710 878 933 939 eodem
960 882 1234 951 tempore
1276 874 1587 949 profectus
1618 884 1731 937 est.
1793 875 1860 936 L.
1890 878 2311 938 Aurunculeio

351 962 662 1037 negotium
691 961 767 1021 ab
797 966 1018 1020 senatu
1047 960 1252 1019 datum
1284 966 1406 1032 est,
1446 966 1514 1018 ut
1538 960 1781 1032 triginta
1812 960 2315 1034 quinqueremes,

337 1044 560 1119 viginti
598 1044 877 1105 triremes
917 1044 1172 1116 faceret,
1220 1042 1364 1116 quia
1403 1042 1565 1100 fama
1602 1048 1733 1102 erat
1758 1042 2125 1104 Antiochum
2164 1049 2314 1119 post

351 1127 652 1201 proelium
681 1128 896 1187 navale
923 1125 1216 1191 maiorem
1245 1125 1508 1185 classem
1536 1126 1843 1199 aliquanto
1871 1142 2180 1201 reparare.

517 1211 748 1279 Aetoli,
795 1216 1125 1284 postquam
1153 1207 1336 1282 legati
1366 1208 1443 1267 ab
1472 1208 1669 1289 Roma
1695 1212 2051 1270 rettulerunt
2077 1211 2313 1271 nullam

351 1309 525 1367 spem
557 1294 732 1368 pacis
761 1308 936 1365 esse,
971 1307 1343 1367 quamquam
1384 1293 1581 1352 omnis
1612 1309 1721 1353 ora
1747 1293 2043 1355 maritima
2070 1308 2311 1370 eorum,

352 1392 510 1451 quae
539 1376 600 1435 in
627 1374 1120 1453 Peloponnesum
1148 1390 1332 1435 versa
1362 1382 1484 1450 est,
1526 1373 1901 1451 depopulata
1928 1376 2007 1435 ab
2032 1377 2305 1443 Achaeis

349 1466 506 1533 crat,
560 1460 814 1536 periculi
853 1460 1048 1534 magis
1093 1474 1277 1533 quam
1307 1459 1511 1519 damni
1540 1475 1871 1531 memores,
1915 1466 1981 1519 ut
2007 1460 2311 1521 Romanis

347 1543 821 1604 intercluderent
845 1544 986 1613 iter,
1040 1542 1333 1603 Coracem
1374 1552 1832 1617 occupaverunt
1858 1550 2153 1603 montcmz
2196 1560 2308 1604 ne·

351 1641 472 1699 que
522 1627 683 1686 enim
733 1628 1088 1687 dubitabant
1131 1626 1214 1685 ad
1265 1626 1789 1701 oppugnationem
1834 1627 2132 1701 Naupacti
2188 1643 2309 1691 eos

349 1708 648 1783 principio
679 1710 844 1769 veris
871 1710 1177 1769 redituros
1209 1724 1371 1770 esse.
1432 1709 1658 1785 Acilio,
1692 1708 1835 1785 quia
1860 1710 1924 1771 id
1953 1713 2309 1785 exspectari

347 1791 612 1865 sciebat,
655 1791 848 1851 satius
877 1792 1078 1853 visum
1119 1797 1216 1851 est
1255 1792 1631 1867 inopinatam
1660 1794 1913 1868 adgredi
1941 1809 2071 1853 rem
2100 1799 2163 1854 et
2186 1794 2307 1854 La-

347 1874 528 1935 miam
560 1889 952 1950 oppugnare=
994 1890 1144 1939 nam.
1175 1882 1236 1935 et
1274 1891 1313 1935 a
1338 1874 1617 1951 Philippo
1658 1893 1855 1953 prope
1889 1878 1967 1937 ad
1997 1874 2307 1937 excidium

349 1956 650 2020 adductos
681 1973 854 2034 csse,
896 1964 958 2019 et
983 1965 1127 2019 tunc
1157 1974 1230 2020 co
1261 1959 1433 2035 ipso,
1478 1961 1645 2035 quod
1686 1959 1827 2020 nihil
1858 1960 2309 2037 taletimerent,

350 2042 612 2115 opprimi
655 2043 936 2104 incautos
977 2058 1184 2119 posse.
1242 2045 1557 2118 profectus
1600 2045 1677 2104 ab
1703 2045 1898 2105 Elatia
1938 2045 2199 2120 primum
2242 2046 2307 2106 in

347 2123 614 2200 hostium
634 2132 796 2186 terra
819 2126 982 2186 circa
1004 2125 1380 2201 Spercheum
1404 2141 1641 2189 amnem
1663 2128 1875 2203 posuit
1894 2136 2127 2198 castra3
2157 2129 2309 2188 inde

349 2215 527 2268 nocte
554 2210 734 2270 motis
766 2209 988 2284 signiS,
1021 2211 1220 2286 prima
1243 2212 1381 2270 luce
1410 2225 1640 2272 corona
1666 2211 1908 2273 moenia
1931 2220 2027 2273 cst
2046 2212 2305 2286 adgres-

347 2307 476 2352 sus.
540 2291 616 2350 V.
657 2308 914 2367 magnus
958 2310 1154 2368 pavor
1193 2309 1268 2354 ac
1296 2296 1617 2368 tumultuS,
1666 2295 1818 2357 utin
1847 2297 1924 2356 re'
1943 2295 2305 2370 improvisa,

347 2374 474 2434 fuit.
507 2377 886 2438 constantius
909 2383 1108 2436 tamen
1127 2394 1313 2452 quam
1329 2378 1467 2452 quis
1490 2378 1761 2439 facturos
1784 2379 2079 2452 crederet,
2096 2379 2155 2438 in
2178 2386 2309 2442 tam

349 2457 549 2520 subito
574 2459 868 2534 periculo,
883 2471 1021 2520 cum
1042 2461 1155 2520 viri
1179 2468 1655 2537 propugnarent,
1674 2462 1933 2523 feminae
1956 2462 2075 2522 tela
2098 2464 2307 2522 omnis

343 2542 590 2614 generis
619 2559 900 2623 saxaque
927 2543 987 2603 in
1018 2559 1226 2606 muros
1257 2552 1567 2620 gererent,
1600 2545 1721 2605 iam
1748 2544 2132 2606 multifariam
2162 2561 2303 2606 sca·

330 2623 418 2682 iis
450 2627 752 2700 appositis
782 2628 996 2688 urbem
1025 2642 1098 2688 eo
1132 2628 1230 2687 die
1260 2629 1684 2690 defenderunt.
1725 2629 1963 2690 Acilius
1994 2629 2173 2705 signo
2202 2645 2305 2690 re·

345 2707 548 2779 ceptui
591 2708 732 2768 dato
777 2726 928 2770 suos
969 2711 1029 2769 in
1072 2718 1272 2770 castra
1311 2711 1512 2772 medio
1553 2714 1742 2772 ferme
1781 2712 1881 2772 die
1916 2712 2196 2781 reduxit;
2245 2720 2309 2773 et

340 2792 486 2848 tunc
515 2789 653 2852 cibo
685 2798 746 2851 et
775 2791 976 2866 quiete
1003 2794 1247 2852 refectis
1280 2796 1643 2870 corporibus
1659 2841 1676 2868 ,
1714 2793 2076 2870 priusquam
2121 2811 2305 2870 prae·

267 2920 272 2926 .
339 2871 560 2932 torium
593 2872 940 2946 dimitteret,
975 2876 1379 2950 denuntiavit,
1410 2887 1479 2938 ut
1498 2885 1637 2938 ante
1660 2880 1860 2952 lucem
1884 2879 2096 2938 armati
2116 2894 2304 2953 para—

309 2953 507 3030 ·tique
548 2963 788 3018 essent:
837 2958 955 3018 nisi
993 2967 1346 3035 expugnata
1387 2962 1539 3023 urbe
1580 2977 1651 3022 se
1692 2977 1803 3023 eos
1843 2961 1905 3020 in
1940 2969 2145 3022 castra
2171 2978 2304 3023 non

336 3039 746 3102 reducturum.
803 3042 1023 3102 eodem
1061 3051 1342 3119 tempore
1383 3061 1505 3119 quo
1548 3044 1775 3120 pridie,
1819 3045 2097 3121 pluribus
2140 3046 2305 3106 locis

338 3119 676 3194 adgressus
693 3170 708 3197 ‚
743 3141 880 3187 cum
910 3127 1260 3202 oppidanos
1288 3128 1411 3187 iam
1439 3129 1635 3202 vires,
1677 3127 1798 3188 iam
1824 3127 1975 3202 tela,
2006 3129 2125 3188 iam
2154 3136 2304 3188 ante

337 3205 538 3265 omnia
567 3209 806 3270 animus
838 3210 1154 3283 deficeret,
1194 3211 1353 3270 intra
1385 3226 1619 3286 paucas
1648 3211 1835 3272 horas
1864 3211 2081 3270 urbem
2110 3211 2303 3286 cepit.

333 3285 416 3346 ibi
443 3289 662 3362 partim
695 3291 1006 3351 divendita
1035 3292 1254 3368 partim
1289 3294 1490 3354 divisa
1527 3295 1789 3369 pracda,
1836 3294 2158 3355 consilium
2187 3293 2299 3353 ha-

333 3368 552 3443 bitum,
587 3374 732 3446 quid
763 3373 987 3434 deinde
1018 3376 1263 3435 faceret.
1308 3377 1535 3437 nemini
1558 3377 1638 3437 ad
1660 3377 2042 3452 Naupactum
2065 3376 2137 3436 iri
2162 3379 2299 3450 pla-

331 3451 479 3523 cuit,
535 3462 837 3529 occupato
882 3457 961 3516 ad
1004 3457 1293 3524 Coracem
1336 3459 1415 3519 ab
1455 3460 1690 3521 Aetolis
1709 3461 1913 3521 saltu.
1968 3476 2047 3520 ne
2086 3466 2297 3520 tamen
