2548 3950
617 173 851 234 LIBER
877 173 1145 234 XXXIV.
1193 175 1582 239 CAP.16.17.
1630 184 1703 250 [a.
1728 183 1793 236 c.
1817 184 1943 252 195]
2140 177 2267 242 139

283 323 512 402 procul,
545 320 810 382 navibus
853 323 984 382 suis
1031 323 1406 398 castrisque,
1447 325 1554 385 ubi
1596 341 1774 402 spem
1802 327 1922 389 nisi
1949 327 2012 390 ln
2039 328 2265 392 virtute

281 407 603 478 haberent,
625 405 783 464 inter
805 406 1044 468 medios
1069 404 1287 468 hostes
1310 408 1614 484 proelium
1638 411 1973 482 commisit;
2004 413 2263 476 alterum

281 491 460 568 quod
501 488 788 550 cohortes
832 490 909 550 ab
951 496 1125 566 tergo
1167 491 1453 552 hostibus
1494 491 1747 563 obiecit;
1804 496 2048 556 tertium
2092 493 2265 572 quod

279 574 624 637 secundam
644 573 966 648 legionem,
999 573 1218 635 ceteris
1243 575 1527 636 omnibus
1553 575 1772 637 effusis
1794 577 1875 637 ad
1900 579 2261 660 sequendos

277 658 518 732 hostes,
551 657 736 732 pleno
767 657 965 732 gradu
987 658 1104 718 sub
1126 657 1323 734 signis
1345 659 1754 734 compositam
1775 661 2262 738 instructamque

278 741 495 805 subire
522 741 605 801 ad
632 748 873 816 portam
897 748 1238 802 castrorum
1254 743 1480 816 iussitJ.
1524 742 1671 803 nihil
1696 743 1921 806 deinde
1944 761 1981 805 a
2000 745 2262 807 victoria

279 831 616 888 cessatum.
687 840 827 886 cum
865 825 1145 901 receptui
1174 827 1354 901 signo
1387 826 1529 886 dato
1560 843 1713 888 suos
1743 829 1963 904 spoliis
1996 838 2259 892 onustos

277 911 342 971 in
373 915 580 969 castra
605 908 979 983 reduxisset,
1019 908 1236 983 paucis
1266 909 1438 970 horis
1468 910 1667 971 noctis
1696 911 1777 970 ad
1807 912 2073 987 quietem
2097 913 2259 974 datis

278 994 363 1054 ad
391 991 819 1070 praedandum
847 991 911 1050 in
939 1007 1124 1066 agros
1154 993 1345 1054 duxit.
1391 991 1671 1066 effusiu8‚
1700 1001 1769 1054 ut
1800 997 2040 1072 sparsis
2065 995 2259 1057 hosti-

277 1079 404 1138 bus
431 1077 597 1151 fuga,
625 1075 903 1152 praedati
933 1084 1094 1137 sunt.
1139 1091 1301 1152 quae
1328 1092 1433 1136 res
1464 1092 1589 1137 non
1611 1077 1815 1138 minus
1840 1095 2027 1155 quam
2047 1095 2261 1158 pugna

277 1160 484 1238 pridie
525 1160 793 1220 adversa
817 1159 1252 1235 Emporitanos
1282 1161 1596 1236 Hispanos
1640 1164 2015 1238 accolasque
2042 1179 2259 1226 eorum

278 1246 344 1306 in
379 1243 756 1306 deditionem
785 1243 1097 1319 compulit.
1167 1244 1339 1306 multi
1368 1250 1431 1304 et
1456 1245 1714 1306 aliarum
1743 1247 2106 1322 civitatium,
2153 1248 2258 1324 qui

277 1329 608 1404 Emporias
637 1328 1052 1404 perfugerant,
1085 1328 1455 1389 dediderunt
1482 1343 1573 1388 se.
1616 1345 1776 1405 quos
1802 1345 2017 1390 omnes
2042 1331 2257 1406 appel·

278 1414 442 1474 latos
471 1411 736 1488 benigne
757 1413 1030 1488 vinoque
1050 1417 1114 1472 et
1137 1413 1276 1474 cibo
1301 1417 1551 1474 curatos
1574 1411 1794 1472 domos
1820 1412 2065 1474 dimisit.
2112 1429 2258 1474 con-

281 1496 488 1557 festim
514 1495 660 1556 inde
687 1503 891 1556 castra
907 1496 1132 1567 movit;
1176 1504 1238 1559 et
1259 1511 1649 1576 quacumque
1666 1495 1995 1558 incedebat
2015 1511 2257 1572 agmen,

281 1580 466 1655 legati
496 1579 850 1640 dedentium
885 1579 1163 1641 civitates
1193 1595 1342 1642 suas
1373 1579 1809 1641 occurrebant=
1855 1585 1917 1641 et
1945 1596 2085 1641 cum
2111 1581 2232 1641 Tar

281 1678 577 1725 raconem
610 1664 795 1738 venit,
825 1664 945 1724 iam
976 1664 1176 1725 omnis
1210 1665 1300 1726 cis
1322 1664 1565 1725 iberum
1586 1663 1888 1740 Hispania
1915 1665 2260 1739 perdomita

284 1753 444 1823 erat,
485 1747 836 1824 captivique
881 1755 942 1808 et
966 1747 1227 1826 Romani
1268 1754 1332 1809 et
1359 1748 1596 1808 socium
1637 1764 1711 1808 ac
1737 1748 1934 1809 Latini
1965 1749 2251 1825 nominiS,

284 1832 472 1892 variis
503 1831 752 1893 casibus
786 1832 850 1893 in
868 1831 1171 1907 Hispania
1199 1833 1506 1909 oppressi,
1538 1833 1769 1894 donum
1795 1833 2034 1893 consuli
2057 1851 2095 1893 a
2114 1832 2255 1894 bar-

275 1915 452 1978 baris
497 1916 968 1977 reducebantur.
1033 1916 1196 1977 fama
1239 1916 1463 1978 deinde
1504 1917 1790 1994 vulgatur
1830 1917 2150 1979 consulem
2191 1918 2256 1978 in

283 2000 713 2063 Turdetaniam
742 2001 1078 2063 exercitum
1107 2001 1450 2076 ducturum,
1482 2007 1543 2062 et
1571 2001 1652 2061 ad
1680 2001 1897 2064 devios
1927 2008 2255 2063 montanos

283 2086 628 2163 profectum
675 2086 857 2147 etiam
897 2086 1056 2147 falso
1099 2087 1401 2161 perlatum
1440 2092 1553 2147 est.
1622 2086 1702 2146 ad
1744 2085 1911 2147 hunc
1938 2102 2165 2148 vanum
2195 2092 2257 2147 et
2360 2078 2377 2093 '

285 2172 419 2232 sine
450 2176 702 2232 auctore
720 2172 846 2231 ullo
875 2186 1186 2231 rumorem
1206 2170 1707 2243 Bergistanorum
1730 2170 1989 2232 civitatis
2014 2176 2255 2246 septem

286 2256 542 2317 castella
567 2254 943 2316 defecerunt.
987 2270 1099 2317 eos
1131 2253 1400 2313 deducto
1432 2253 1707 2313 exercitu
1730 2256 1949 2315 consul
1971 2254 2107 2313 sine
2126 2268 2252 2313 me-

285 2339 583 2401 morando
626 2338 864 2414 proelio
909 2339 973 2399 in
1013 2343 1385 2414 potestatem
1424 2336 1663 2413 redigit.
1733 2336 1901 2397 haud
1940 2336 2027 2397 ita
2063 2336 2251 2397 multo

283 2429 431 2499 post
454 2423 657 2499 iidem,
680 2438 970 2499 regresso
994 2424 1406 2484 Tarraconem
1430 2422 1704 2497 consule,
1724 2422 2087 2497 priusquam
2107 2418 2253 2479 inde

287 2522 602 2583 quoquam
651 2508 1050 2583 procederet,
1102 2507 1480 2568 defecerunt.
1552 2505 1769 2567 iterum
1810 2503 2083 2565 subacti=
2137 2502 2256 2563 sed

283 2607 408 2653 non
449 2591 668 2653 eadem
707 2590 890 2651 venia
913 2590 1093 2651 victis
1125 2591 1254 2650 fuit.
1330 2590 1447 2652 sub
1478 2604 1709 2652 corona
1732 2588 1983 2650 veniere
2016 2601 2251 2661 omneS,

283 2691 362 2736 ne
389 2674 642 2750 saepius
671 2690 891 2752 pacem
919 2675 1338 2736 sollicitarent.

450 2758 638 2819 XVII.
695 2759 940 2820 Interim
967 2758 1034 2817 P.
1062 2758 1329 2821 Manlius
1374 2764 1623 2834 praetor
1664 2758 1937 2820 exercitu
1973 2763 2186 2818 vetere
2216 2770 2254 2815 a

285 2842 353 2917 Q.
374 2842 662 2919 Minuci0,
687 2844 784 2906 cui
808 2848 1218 2917 successerat,
1243 2848 1521 2919 accepte,
1545 2842 1831 2905 adiuncto
1858 2848 1920 2903 et
1938 2842 2061 2917 Ap.
2078 2842 2253 2901 Clau·

239 2938 246 2947 ·
286 2926 369 2987 dii
396 2928 658 2989 Neronis
685 2943 766 2988 ex
794 2927 1085 2990 ulteriore
1111 2926 1410 3003 Hispania
1435 2932 1645 2988 vetere
1672 2926 1815 2989 item
1844 2926 2147 2997 exercitu,
2189 2923 2252 2982 in

282 3010 713 3073 Turdetaniam
742 3010 1172 3086 proficiscitur.
1245 3010 1519 3072 omnium
1543 3008 1960 3085 Hispanorum
1987 3005 2252 3067 maxime

284 3094 560 3155 imbelles
589 3094 891 3157 habentur
915 3095 1262 3157 Turdetani.
1330 3093 1466 3156 freti
1492 3098 1695 3153 tamen
1723 3090 2107 3151 multitudine
2136 3104 2255 3149 sua

285 3178 530 3239 obviam
567 3178 769 3241 ierunt
795 3178 1023 3255 agmini
1047 3179 1348 3240 Romano.
1424 3189 1619 3253 eques
1649 3174 1961 3235 immissus
1988 3170 2256 3234 turbavit

285 3261 594 3339 extemplo
623 3262 817 3324 aciem
845 3278 1080 3325 eorum.
1153 3262 1446 3337 pedestre
1472 3258 1776 3335 proelium
1805 3256 2031 3318 nullius
2060 3256 2253 3316 ferme

287 3346 632 3407 certaminis
674 3348 815 3407 fuit:
870 3347 1089 3409 milites
1130 3350 1405 3421 veteres»,
1451 3342 1629 3420 periti
1667 3341 1935 3404 hostium
1964 3338 2256 3414 bellique,

285 3428 447 3490 haud
499 3429 746 3491 dubiam
775 3446 1045 3507 pugnam
1075 3430 1369 3493 fecerunt.
1430 3443 1547 3489 nec
1576 3434 1777 3489 tamen
1806 3441 1881 3488 ea
1909 3438 2116 3503 pugna
2146 3420 2259 3483 de-

2397 3685 2449 3721 ,ἆ
