2548 3950
359 236 488 303 240
583 238 815 299 LIBER
842 234 1107 297 xxxvl.
1152 234 1319 296 CAP.
1351 240 1436 295 19.
1458 241 1545 294 πο.
1571 240 1658 293 21.
1704 236 2091 307 [muana]

361 391 694 462 cecidisse,
737 404 928 465 supra
957 389 1229 463 quinque
1259 386 1423 447 milia
1450 392 1633 461 capta
1661 402 1797 447 cum
1828 386 2019 461 signis
2048 386 2323 449 militari·

359 476 478 537 bus
521 473 802 533 ducentis
825 471 1112 548 triginta?
1164 472 1575 531 Romanorum
1604 477 1845 530 centum
1878 470 2327 547 quinquaginta

361 560 420 621 in
451 558 594 634 ipso
624 554 953 617 certamine
983 569 1245 631 pugnae,
1276 554 1355 613 ab
1382 553 1632 615 incursu
1662 555 2015 615 Aetolorum
2045 568 2115 613 se
2140 562 2322 615 tuen-

359 649 455 702 tes
487 656 608 702 non
638 642 778 716 plus
806 640 1248 715 quinquaginta
1277 637 1573 698 interfecti
1602 644 1763 698 sunt.

527 722 655 783 XX.
713 723 981 784 Consule
1021 738 1131 797 per
1168 720 1499 783 Phocidem
1538 728 1600 781 et
1626 721 1943 782 Boeotiam
1983 718 2321 784 exercitum

361 810 626 869 ducente
682 806 972 867 consciae
1025 804 1387 866 defectionis
1442 804 1719 866 civitates
1770 820 1907 865 cum
1958 806 2319 873 velamentis

361 899 503 953 ante
531 898 742 967 portas
769 890 1012 951 stabant
1037 894 1219 964 metu,
1249 904 1331 949 ne
1358 887 1656 949 hostiliter
1686 888 2108 965 diriperentur.
2153 896 2319 949 cete-

357 992 494 1036 rum
535 988 649 1050 per
687 989 902 1036 omnes
945 973 1078 1033 dies
1119 972 1284 1033 haud
1324 986 1510 1032 secus
1540 988 1725 1047 quam
1753 978 1971 1047 pacato
2000 986 2149 1051 agro
2182 973 2323 1033 sine

358 1060 688 1119 vexatione
713 1057 898 1117 ullius
925 1056 1014 1115 rei
1042 1072 1257 1131 agmen
1286 1056 1609 1130 processit,
1639 1056 1841 1117 donec
1865 1054 1929 1114 in
1960 1070 2169 1131 agrum
2200 1056 2319 1117 Co-

355 1156 614 1203 roneum
655 1147 903 1205 ventum
949 1145 1061 1199 est.
1132 1139 1214 1199 ibi
1259 1143 1461 1199 statua
1500 1140 1665 1215 regis
1694 1137 1979 1203 Antiochi
2022 1138 2226 1215 posita
2255 1141 2319 1200 in

357 1226 585 1300 tempto
618 1223 932 1283 Minervae
973 1222 1205 1283 Itoniae
1247 1215 1399 1283 iram
1444 1222 1757 1292 accendit;
1820 1221 2320 1298 permissumque

357 1307 527 1369 militi
549 1315 661 1381 est,
685 1313 752 1367 ut
773 1304 1218 1368 circumiectum
1242 1306 1468 1382 templo
1492 1321 1702 1382 agrum
1726 1308 2140 1383 popularetur.
2170 1306 2318 1367 dein

358 1390 644 1469 cogitatio
673 1389 938 1452 animum
967 1390 1149 1464 subit,
1179 1406 1317 1451 cum
1349 1390 1651 1451 communi
1676 1390 1923 1450 decreto
1944 1390 2319 1453 Boeotorum

356 1476 561 1552 posita
594 1482 763 1537 esset
801 1480 1030 1548 statua,
1075 1472 1389 1549 indignum
1420 1488 1565 1534 esse
1594 1472 1654 1533 in
1686 1490 1871 1543 unum
1903 1473 2319 1535 Coronensem

356 1575 567 1635 agrum
599 1558 859 1619 saevire.
931 1564 1220 1621 revocato
1252 1559 1559 1632 extemplo
1589 1556 1777 1617 milite
1804 1555 1945 1619 finis
1978 1556 2319 1635 populandi

357 1643 591 1711 factus3
635 1642 915 1716 castigati
943 1648 1172 1701 tantum
1203 1641 1409 1701 verbis
1430 1641 1646 1701 Boeoti
1670 1640 1749 1703 ob
1778 1640 2077 1716 ingratum
2098 1639 2160 1701 in
2180 1647 2319 1701 tan·

355 1727 434 1786 tis
466 1733 713 1799 tamque
739 1724 1088 1785 recentibus
1117 1724 1437 1785 beneficiis
1468 1723 1732 1786 animum
1762 1738 1907 1800 erga
1935 1724 2278 1785 Romanos,

521 1809 684 1867 Inter
711 1808 914 1882 ipsum
944 1822 1188 1882 pugnae
1213 1814 1333 1871 tem
1342 1824 1461 1883 pus
1488 1808 1705 1869 decem
1726 1822 1919 1881 naves
1943 1808 2151 1883 regiae
2174 1822 2316 1869 cum

355 1894 667 1969 praefecto
707 1890 947 1952 Isidoro
992 1892 1068 1951 ad
1098 1890 1428 1952 Thronium
1472 1890 1531 1951 in
1577 1892 1717 1953 sinu
1742 1891 2002 1953 Maliaco
2048 1890 2315 1953 stabant.

353 1992 430 2037 eo
459 1977 666 2051 gravis
693 1974 1050 2036 vulneribus
1080 1977 1437 2036 Alexander
1462 1980 1777 2048 Acarnan,
1816 1974 2063 2037 nuntius
2094 1974 2302 2038 adver-

354 2075 464 2120 sae
486 2075 746 2135 pugnae,
780 2075 919 2121 cum
941 2059 1331 2136 perfugisset,
1362 2059 1640 2136 trepidae
1662 2059 1806 2120 inde
1828 2057 2059 2120 recenti
2082 2066 2312 2122 terrore

353 2159 544 2203 naves
576 2143 876 2204 Cenaeum
903 2143 1195 2205 Euboeae
1224 2143 1544 2218 petierunt.
1586 2143 1669 2204 ibi
1699 2149 1971 2206 mortuus
2002 2144 2305 2222 sepultus·

353 2243 474 2303 que
495 2227 864 2288 Alexander.
905 2233 1050 2303 treS,
1084 2242 1243 2304 quae
1270 2243 1353 2288 ex
1372 2227 1526 2288 Asia
1547 2229 1861 2303 profectae
1883 2227 2145 2288 eundem
2168 2243 2310 2303 por-

351 2319 477 2372 tum
507 2317 848 2383 tenuerunt,
880 2326 1072 2372 naves
1102 2311 1307 2374 audita
1337 2310 1641 2372 exercitus
1674 2312 1847 2373 clade
1872 2309 2186 2386 Ephesum
2214 2328 2313 2371 re-

351 2397 614 2456 dierunt.
683 2395 962 2456 Isidorus
1005 2395 1083 2456 ab
1133 2395 1373 2455 Cenaeo
1403 2395 1877 2469 Demetriadem,
1932 2395 1988 2472 si
2033 2395 2188 2456 forte
2236 2411 2316 2456 eo

349 2479 615 2540 deferret
641 2480 788 2554 fuga
811 2493 1049 2553 regem,
1080 2478 1333 2539 traiecit.
1388 2494 1501 2554 per
1532 2481 1783 2542 eosdem
1818 2479 1951 2539 dies
1983 2475 2059 2538 A.
2088 2477 2315 2556 Atilius

348 2562 698 2636 praefectus
735 2562 1049 2623 Romanae
1093 2562 1315 2624 classis
1359 2577 1621 2638 magnos
1658 2564 1866 2638 regios
1910 2569 2313 2639 commeatus,

346 2644 468 2704 iam
497 2646 747 2718 fretum,
781 2645 950 2720 quod
977 2646 1056 2706 ad
1085 2646 1363 2707 Andrum
1392 2646 1655 2708 insulam
1684 2653 1796 2721 est,
1827 2653 2311 2722 praetervectos,

347 2727 624 2801 excepit3
667 2728 820 2788 alias
861 2726 1096 2804 mersit,
1138 2730 1293 2789 alias
1323 2729 1486 2807 cepit
1514 2746 1725 2796 naves.
1794 2746 1957 2807 quae
1985 2727 2315 2792 novissimi

346 2810 605 2885 agminis
635 2816 823 2886 erant,
854 2827 1104 2873 cursum
1132 2813 1192 2872 in
1221 2812 1435 2874 Asiam
1466 2821 1792 2876 verterunt.
1857 2814 2077 2875 Atilius
2106 2813 2311 2876 Pirae·

345 2909 502 2968 eum,
534 2894 702 2955 unde
721 2896 1035 2970 profectus
1057 2901 1204 2971 erat,
1237 2913 1376 2958 cum
1401 2898 1640 2974 agmine
1664 2898 2039 2975 captivarum
2061 2896 2313 2960 navium

346 2984 630 3040 revectus
674 2994 954 3054 magnam
997 2977 1118 3042 vim
1156 2981 1440 3042 frumenti
1482 2988 1543 3042 et
1571 2981 2050 3046 Atheniensibus
2082 2988 2143 3042 et
2170 2981 2311 3043 aliis

345 3061 624 3122 eiusdem
653 3063 923 3138 regionis
959 3064 1150 3126 sociis
1181 3064 1403 3127 divisit.

510 3145 664 3206 XXI.
731 3147 1070 3209 Antiochus
1114 3149 1230 3209 sub
1271 3149 1603 3212 adventum
1649 3149 1923 3212 consulis
1952 3165 1990 3209 a
2019 3148 2305 3212 Chalcide

344 3230 660 3303 profectus
686 3231 916 3292 Tenum
949 3231 1145 3307 primo
1175 3233 1394 3306 tenuit,
1435 3233 1579 3294 inde
1606 3233 1919 3310 Ephesum
1946 3233 2304 3296 transmisit.

343 3311 586 3372 consuli
616 3312 963 3374 Chalcidem
991 3316 1257 3376 venienti
1291 3324 1505 3391 portae
1533 3323 1876 3394 patuerunt,
1908 3333 2046 3379 cum
2078 3332 2304 3394 appro-

344 3392 680 3469 pinquante
703 3411 777 3457 eo
793 3395 1158 3459 AriStoteles
1181 3401 1528 3474 praefectus
1548 3401 1713 3476 regis
1727 3400 1881 3464 urbe
1902 3401 2305 3464 excessisset.

341 3483 400 3534 et
431 3484 671 3536 ceterae
712 3480 897 3540 urbes
931 3481 990 3540 in
1019 3481 1276 3542 Euboea
1302 3483 1435 3544 sine
1464 3485 1792 3546 certamine
1818 3485 2105 3555 traditam
2156 3493 2307 3562 post
