2548 3950
271 167 278 173 ”
367 210 491 275 186
678 210 910 270 LIBER
938 208 1178 269 XXXV.
1225 207 1620 269 CAP.12.13.
1665 212 2055 281 [a.U.0.559]

362 362 542 423 randi
570 376 685 422 sua
713 360 1102 421 occasionem
1120 406 1135 433 ,
1178 359 1232 417 si
1259 374 1395 417 eam
1426 372 1585 433 quae
1614 364 1740 417 tum
1772 364 1942 418 esset
1973 358 2322 432 praetermi-

362 445 574 507 sisset.
605 452 666 506 et
685 444 915 505 nullum
939 444 1274 504 exercitum
1294 443 1635 503 Romanum
1655 442 1717 501 in
1738 438 1995 501 Graecia
2016 456 2178 516 oese,
2208 456 2323 505 nec

363 536 618 605 propter
669 527 959 606 Gythium
1009 533 1113 587 aut
1161 526 1497 587 maritimos
1548 526 1703 586 alios
1745 525 2027 585 Laconas
2078 524 2323 601 dIgnam

363 628 620 673 causam
651 612 1106 672 existimaturos
1148 611 1495 683 RomanoS,
1540 623 1649 668 cur
1689 609 1964 684 legiones
2004 624 2221 670 rursus
2260 611 2322 670 in

365 696 692 756 Graeciam·
722 693 1149 755 transmittant.
1209 694 1367 755 haec
1409 693 1491 753 ad
1528 690 1903 753 incitandum
1936 692 2203 753 animum
2224 700 2323 772 ty-

360 780 540 839 ranni
581 779 969 853 dicebantur,
1009 785 1107 851 ut,
1149 794 1291 839 cum
1317 764 1661 839 ‚Antiochus
1700 777 1773 836 in·
1796 776 2115 837 Graeciam
2143 776 2323 837 traie-

360 863 583 935 cisset,
627 862 1006 925 conscientia
1046 862 1311 923 violatae
1340 878 1451 937 per
1478 860 1790 923 sociorum
1817 860 2070 921 iniurias
2096 861 2322 922 Roma·

360 964 479 1007 nae
507 945 804 1008 amicitiae
833 947 1229 1022 coniungeret
1257 962 1329 1006 se
1358 962 1495 1007 cum
1521 944 1847 1006 Antiocho.
1888 949 1955 1005 et
1978 944 2325 1021 Philippum

359 1030 667 1091 Nicander
713 1031 880 1092 haud
930 1030 1209 1091 dissimili
1267 1028 1545 1092 oratione
1592 1028 1897 1089 incitabat.
1966 1036 2098 1089 crat
2144 1030 2325 1090 etiam

360 1116 556 1173 maior
585 1115 878 1175 orationis
910 1115 1188 1187 materia,
1223 1130 1347 1189 quo
1378 1130 1457 1174 ex
1483 1114 1695 1175 altiore
1726 1113 1968 1188 fastigio
1996 1128 2107 1173 rex
2140 1128 2325 1189 quam

358 1206 662 1275 tyrannus
688 1199 997 1259 detractus
1030 1206 1178 1271 erat,
1209 1214 1461 1274 quoque
1491 1198 1697 1273 plures
1730 1196 2054 1271 ademptae
2080 1212 2203 1259 res.
2240 1198 2323 1257 ad

357 1280 480 1343 hoc
507 1288 751 1343 vetusta
777 1298 992 1357 regum
1018 1281 1420 1343 Macedoniae
1448 1284 1608 1341 fama
1637 1287 2122 1357 perag-ratusque
2151 1281 2323 1341 orbis

357 1374 656 1427 terrarum
702 1366 976 1427 victoriis
1019 1366 1153 1427 eius
1193 1367 1394 1441 gentis
1434 1365 1829 1426 referebatur.
1894 1371 1957 1425 et
1993 1372 2182 1426 mtmn
2220 1366 2326 1426 vel

359 1450 606 1526 incepto
649 1452 750 1509 vei
791 1459 1014 1511 eventu
1055 1466 1128 1510 se
1165 1448 1490 1511 consilium
1531 1450 1801 1509 adrem-ez
1853 1465 1991 1509 nam
2026 1464 2231 1523 neque
2259 1458 2329 1510 ut

363 1542 502 1595 ante
531 1551 602 1594 se
628 1541 874 1594 moveat
899 1533 1249 1609 PhilippuS,
1294 1550 1481 1615 quam
1505 1532 1850 1595 Antiochus
1880 1548 2015 1593 cum
2047 1532 2328 1594 exercitu

355 1617 665 1692 transierit
692 1618 750 1675 in
785 1618 1120 1689 Graeciam,
1149 1618 1446 1691 suadere,
1490 1625 1551 1678 et
1580 1618 1685 1692 qui
1714 1617 1849 1677 sine
1875 1616 2181 1677 Antiocho
2214 1618 2326 1679 ad-

355 1716 580 1761 versus
607 1701 924 1761 Romanos
949 1702 1337 1775 Aetolosque
1374 1708 1497 1761 tam
1542 1702 1648 1761 diu
1686 1701 2045 1762 sustinuerit
2074 1701 2323 1774 bellum,

313 1840 317 1843 .
353 1784 415 1845 ei
459 1784 748 1845 adiuncto
777 1784 1114 1857 Antiocho,
1158 1786 1347 1845 sociis
1374 1784 1645 1857 Aetolis,
1692 1785 1797 1859 qui
1834 1792 1961 1846 tum
2002 1784 2326 1859 graviores

355 1869 570 1929 hostes
617 1884 801 1943 quam
832 1863 1094 1929 Romani
1123 1868 1394 1941 fuerunt,
1441 1868 1663 1942 quibus
1692 1868 1939 1929 tandem
1964 1868 2213 1929 viribus'
2226 1883 2328 1928 re-

355 1952 583 2014 sistere
619 1953 936 2014 Romanos
988 1958 1222 2027 posse?
1282 1951 1585 2013 adiciebat
1636 1953 1715 2013 de
1764 1953 1923 2014 duce
1960 1952 2326 2026 Hannibale,

355 2044 501 2098 nato
531 2037 833 2098 adversus
855 2038 1171 2098 Romanos
1199 2037 1399 2109 hoste,
1433 2037 1536 2112 qui
1562 2037 1776 2114 plures
1808 2044 1869 2098 et
1898 2037 2091 2098 duces
2123 2043 2184 2097 et
2212 2037 2329 2096 mi-

355 2121 492 2182 lites
521 2136 736 2182 corum
767 2121 1118 2196 occidisset,
1149 2115 1332 2195 quain
1365 2127 1514 2195 quot
1540 2127 1959 2196 superessent.
2005 2120 2161 2182 haec
2180 2119 2330 2182 Phi-

354 2205 530 2280 lippo
574 2205 895 2266 Nicander.
953 2206 1074 2266 alia
1113 2205 1527 2266 Dicaearchus
1568 2205 1905 2280 Antioche,
1952 2211 2015 2265 et
2053 2205 2333 2265 omnium

357 2289 614 2364 primum
665 2289 964 2366 praedam
1013 2289 1094 2348 de
1130 2289 1411 2364 Philippo
1452 2290 1867 2350 Romanorum
1908 2303 2054 2349 esse
2092 2288 2332 2364 discere,

353 2373 674 2434 victoriam
720 2375 1111 2434 Aetolorum=
1165 2380 1238 2433 -et
1279 2371 1507 2433 aditum
1555 2373 1617 2432 in
1662 2373 1981 2434 Graeciam.
2022 2371 2331 2454 Romanis

355 2456 557 2518 nullos
587 2457 742 2516 alios
776 2471 961 2531 quam
985 2457 1242 2517 Aetolos
1272 2457 1542 2529 dedisse,
1575 2457 1741 2518 etad
1763 2456 2133 2519 vincendum
2156 2456 2331 2516 vires

348 2540 612 2600 eosdem
641 2538 1024 2615 praebuisse.
1077 2539 1303 2602 deinde
1331 2547 1591 2615 quantas
1623 2540 1892 2615 peditum
1922 2540 2333 2616 equitumque

353 2623 573 2698 copias
621 2623 954 2698 praebituri
983 2624 1287 2686 Antiocho
1330 2625 1411 2684 ad
1449 2623 1673 2685 bellum
1714 2630 1953 2698 essent,
1994 2637 2155 2700 quae
2181 2625 2337 2684 loca

351 2707 746 2767 terrestribus
791 2707 1020 2782 copiis,
1069 2723 1228 2783 quos
1272 2714 1489 2783 portus
1531 2707 1863 2769 maritimis.
1916 2716 2041 2769 tum
2074 2708 2153 2768 de
2180 2706 2335 2767 Phi-

354 2789 526 2864 lippo
580 2797 642 2852 et
679 2790 911 2852 Nabide
961 2791 1154 2852 libero
1206 2792 1526 2852 mendacio
1576 2791 1968 2854 abutebatur:
2040 2799 2332 2866 paratum

351 2881 678 2950 utrumque
700 2875 780 2934 ad
801 2875 1220 2936 rebellandum
1245 2889 1407 2949 esse,
1438 2883 1497 2936 et
1518 2876 1776 2951 primam
1803 2889 2115 2953 quamque
2138 2891 2333 2936 occa-

353 2957 596 3019 sionem
633 2957 1022 3033 reciperandi
1065 2974 1141 3019 ea
1169 2973 1331 3034 quae
1360 2958 1522 3020 bello
1555 2961 1909 3020 amisissent
1936 2966 2329 3034 arrepturoS.

351 3042 436 3101 ita
461 3058 574 3117 per
615 3049 808 3103 totum
839 3041 1020 3103 simul
1050 3043 1258 3102 orbem
1291 3049 1586 3104 terrarum
1614 3043 1817 3104 Aetoli
1843 3043 2140 3106 Romanis
2172 3057 2330 3104 con-

350 3124 621 3187 citabant
647 3127 894 3186 bellum.
961 3132 1022 3186 et
1047 3141 1228 3200 reges
1257 3132 1457 3186 tamen
1489 3131 1593 3188 a'ut
1621 3143 1744 3187 non
1773 3127 1921 3188 moti
1948 3133 2055 3186 aut
2081 3125 2333 3186 tardius

350 3211 498 3269 moti
537 3217 697 3270 sunt.
752 3209 907 3270 XIII.
963 3209 1152 3270 Nabis
1193 3211 1502 3285 extemplo
1546 3210 1711 3270 circa
1754 3211 1953 3272 omnis
1980 3209 2332 3270 maritimos

349 3293 524 3353 vicos
555 3293 782 3354 dimisit
809 3293 891 3352 ad
917 3293 1252 3354 seditiones
1276 3294 1335 3352 in
1360 3293 1433 3354 iis
1458 3292 1839 3365 miscendam
1885 3301 1947 3354 et
1970 3292 2127 3354 alios
2151 3293 2335 3368 priu-

349 3376 555 3450 cipum
588 3375 769 3436 donis
803 3377 882 3435 ad
909 3391 1086 3436 suam
1116 3391 1367 3436 causam
1397 3377 1710 3452 perduxit,
1743 3377 1898 3439 alios
1927 3375 2338 3453 pertinaciter

350 3456 412 3515 in
457 3459 749 3518 societate
775 3458 1054 3519 Romana
1096 3461 1398 3520 manentis
1442 3461 1681 3525 occidit.
1744 3458 2015 3524 Achaeis
2047 3459 2335 3522 omnium
