2548 3950
538 236 768 297 LIBER
794 236 1086 299 XXXVII.
1130 237 1296 299 CAP.
1323 244 1410 306 36.
1442 246 1530 303 37.
1557 247 1648 313 [a.
1673 246 1740 299 C.
1765 244 1890 313 190]
2059 240 2186 303 293

226 388 581 465 praesentia
608 388 916 450 mentione
939 389 1115 465 pacis
1139 394 1328 451 totam
1351 396 1558 451 curam
1580 391 1644 449 in
1665 391 1806 453 belli
1832 400 2191 467 apparatum

222 474 501 534 intendit.

390 554 687 617 XXXVII.
746 555 975 618 Consul
1002 554 1306 617 ⁸omnibus
1346 557 1728 633 praeparatis
1759 557 1841 618 ad
1871 558 2192 635 proposita
2253 635 2262 639 ‘

220 638 629 715 exsequenda
658 654 797 702 cum
826 656 906 701 cx
935 639 1173 701 stativis
1196 642 1508 717 movisset,
1531 642 1886 703 Dardanum
1908 642 2188 717 primum,

220 724 447 785 deinde
474 722 845 798 Rhoeteum,
890 730 1152 799 utraque
1192 724 1434 787 civitate
1464 724 1707 786 obviam
1737 724 1968 799 effusa,
2001 726 2189 787 venit.

218 808 367 869 inde
395 806 571 867 Ilium
613 808 951 887 processit,
994 808 1340 884 castrisque
1383 810 1444 868 in
1487 824 1737 885 campo,
1784 808 1888 885 qui
1917 816 2016 869 est
2043 810 2162 869 sub

216 892 419 951 iectus
448 888 804 963 moenibuS,
856 892 1077 965 positis
1105 891 1167 951 in
1196 892 1410 953 urbem
1442 908 1770 967 arcemque
1803 909 1940 952 cum
1972 908 2188 955 escen-

221 975 449 1049 disset,
494 974 869 1035 sacrificavit
892 974 1205 1035 Minervae
1231 976 1506 1053 praesidi
1535 976 1696 1036 arcis
1713 1023 1729 1051 ,
1773 983 1834 1037 et
1861 976 2189 1037 Iliensibus

217 1058 282 1118 in
316 1058 479 1118 omni
514 1073 724 1117 rerum
764 1057 1221 1133 verborumque
1260 1060 1511 1122 honore·
1527 1059 1606 1119 ab
1636 1074 1707 1119 se
1737 1060 2034 1121 oriundos
2063 1060 2187 1120 Ro·

216 1139 438 1205 manos
465 1141 972 1218 praeferentibus,
1003 1148 1064 1203 et
1082 1142 1376 1205 Romanis
1405 1143 1582 1203 laetis
1606 1144 1840 1220 origine
1867 1160 2001 1205 sua.
2045 1144 2187 1203 inde

216 1227 481 1301 profecti
522 1225 717 1286 sextis
757 1224 977 1286 castris
1008 1226 1089 1287 ad
1119 1234 1308 1303 caput
1337 1227 1500 1289 Caici
1529 1228 1724 1288 amnis
1756 1235 2184 1303 pervenerunt.

216 1326 294 1373 eo
328 1316 390 1371 et
412 1310 721 1371 Eumenes
760 1325 903 1383 reX,
947 1310 1141 1386 primo
1174 1319 1432 1374 conatus
1451 1312 1542 1371 ‘ab
1571 1312 1973 1387 Hellesponto
2004 1312 2183 1372 redu—

214 1410 361 1455 cere
403 1394 668 1455 classem
709 1394 771 1454 in
812 1392 1067 1454 hiberna
1093 1394 1376 1467 Elaeam,
1423 1394 1702 1456 adversis
1733 1395 1958 1458 deinde
1983 1396 2184 1456 ventis

219 1494 358 1539 cum
400 1478 636 1552 aliquot
674 1476 894 1538 diebus
938 1494 1237 1554 superare
1262 1480 1494 1541 Lecton
1540 1478 2030 1553 promunturium
2061 1476 2184 1537 non

215 1560 540 1636 potuisset,
570 1560 631 1624 in
650 1567 880 1622 terram
904 1577 1215 1637 egressus,
1247 1578 1327 1623 ne
1349 1564 1602 1623 deesset
1621 1562 1938 1639 principiis
1960 1578 2182 1635 rerum,

215 1662 343 1721 qua
381 1645 729 1721 proximum
769 1644 911 1719 fuit,
956 1646 1019 1705 in
1058 1652 1263 1709 eastra
1287 1648 1567 1708 Romana
1608 1661 1746 1707 cum
1782 1662 1976 1721 parva
2000 1662 2184 1705 manu

214 1728 549 1790 contendit.
621 1744 700 1790 ex
730 1730 949 1791 castris
974 1729 1334 1805 Pergamum
1364 1730 1663 1792 remissus
1696 1732 1776 1790 ad
1805 1735 2182 1791 commeatus

212 1812 671 1888 expediendos,
713 1813 934 1874 tradito
978 1814 1280 1876 frumento
1323 1815 1546 1890 quibus
1574 1812 1845 1875 iusserat
1872 1814 2089 1876 consul
2122 1814 2182 1872 in

212 1898 431 1957 eadem
460 1897 681 1957 stativa
707 1898 902 1959 rediit.
947 1898 1093 1958 inde
1122 1897 1388 1973 plurium
1417 1899 1654 1957 dierum
1684 1898 2066 1973 praeparatis
2100 1895 2182 1956 ci-

209 1980 399 2041 bariis
430 1981 751 2042 consilium
782 1989 913 2043 erat
938 1982 1029 2043 ire
1058 1983 1149 2062 ad⁴
1167 1983 1428 2057 hostem,
1461 1982 1822 2056 priusquam
1850 1981 2044 2044 hiems
2069 1996 2181 2054 op-

209 2065 520 2140 primeret.

380 2147 579 2224 Regia
600 2155 803 2210 castra
824 2149 989 2209 circa
1008 2149 1358 2228 Thyatiram
1381 2154 1569 2208 erant.
1614 2149 1717 2209 ubi
1739 2164 1879 2209 cum
1903 2148 2182 2216 audisset

205 2232 554 2292 Antiochus
582 2232 647 2292 P.
675 2229 1030 2312 Scipionem
1058 2248 1311 2308 aegrum
1331 2233 1582 2292 Elaeam
1613 2233 1895 2306 delatum,
1923 2232 2180 2308 legatoS,

206 2316 317 2390 qui
358 2316 548 2376 filium
584 2317 665 2376 ad
708 2331 845 2377 eum
887 2317 1280 2390 reducerent,
1325 2315 1506 2376 misit.
1575 2331 1699 2375 non
1743 2315 1944 2375 animo
1979 2317 2180 2376 solum

206 2399 409 2474 patrio
452 2407 687 2474 gratum
730 2415 986 2474 munuS,
1031 2401 1145 2460 sed
1186 2399 1433 2476 corpori
1477 2415 1728 2474 quoque
1755 2399 2001 2460 salubre
2029 2413 2178 2474 gau·

208 2483 380 2544 dium
410 2483 550 2552 fuit3
598 2485 981 2558 satiatusque
1001 2483 1247 2546 tandem
1272 2483 1602 2558 complexu
1622 2481 1730 2544 filii
1757 2483 2179 2558 „renuntiate“

205 2567 409 2641 inquit
438 2567 705 2642 „gratias
735 2568 867 2644 regi
893 2583 992 2627 me
1014 2583 1228 2642 agere:
1273 2569 1506 2628 referre
1533 2567 1790 2642 gratiam
1813 2565 1992 2628 aliam
2013 2581 2178 2628 nunc

205 2666 331 2711 non
364 2665 573 2725 posse,
608 2669 789 2726 quam
818 2659 885 2712 ut
907 2653 1219 2726 suadeam,
1250 2668 1328 2712 ne
1354 2658 1492 2712 ante
1517 2651 1578 2711 in
1601 2650 1792 2711 aciem
1819 2648 2176 2725 descendat,

206 2749 395 2810 quam
428 2735 497 2793 in
540 2743 742 2796 castra
780 2751 879 2796 me
918 2737 1162 2796 redisse
1203 2736 1524 2798 audierit.“
1599 2751 1966 2810 quamquam
1996 2749 2175 2796 sexa-

203 2818 378 2892 ginta
418 2817 545 2880 duo
586 2820 751 2879 milia
788 2821 1092 2896 peditum,
1146 2821 1289 2895 plus
1335 2819 1658 2880 duodecim
1700 2819 1863 2878 milia
1902 2819 2174 2895 equitum

204 2902 446 2963 animos
476 2902 776 2964 interdum
803 2905 884 2964 ad
914 2920 1091 2979 spem
1121 2903 1468 2966 certaminis
1499 2903 1821 2977 faciebant,
1855 2911 2058 2964 motus
2088 2909 2174 2962 ta-

202 3001 349 3046 men
379 2985 724 3048 Antiochus
768 2990 916 3049 tanti
958 2990 1320 3048 auctoritate
1359 2987 1502 3057 viri,
1547 2986 1608 3044 in
1640 3002 1763 3060 quo
1795 2985 1875 3043 ad
1905 2985 2172 3044 incertos

201 3069 353 3128 belli
396 3076 655 3130 eventus
699 3071 897 3132 omnis
942 3073 1223 3131 fortunae
1266 3075 1560 3145 posuerat
1591 3067 1896 3139 subsidia,
1939 3067 2177 3140 recepit

203 3167 309 3226 se,
360 3158 422 3212 et
461 3159 890 3229 transgressus
929 3154 1259 3234 Phrygium
1306 3167 1544 3213 amnem
1591 3151 1754 3210 circa
1793 3149 2172 3224 Magnesiam

204 3250 367 3310 quae
405 3235 487 3296 ad
516 3235 799 3316 Sipylum
838 3246 936 3300 est
974 3239 1187 3314 posuit
1225 3245 1458 3307 castra;
1495 3241 1712 3309 etue,
1756 3234 1810 3294 si
1855 3232 2174 3294 extrahere

200 3325 447 3394 tempus
478 3322 678 3398 vellet,
706 3321 1079 3383 munimenta
1097 3321 1356 3384 Romani
1382 3325 1763 3395 temptarent,
1795 3319 2030 3379 fossam
2058 3333 2171 3377 sex

205 3401 410 3463 cubita
438 3405 639 3477 altam,
670 3406 998 3467 duodecim
1026 3408 1207 3466 latam
1240 3422 1380 3467 cum
1411 3405 1709 3476 duxisset,
1747 3410 1920 3464 extra
1941 3401 2172 3477 duplex

205 3486 433 3548 vallum
483 3487 695 3548 fossae
735 3487 1163 3566 circumdedit,
1213 3490 1500 3550 interiore
1542 3488 1714 3550 labro
1755 3501 1992 3548 murum
2034 3500 2172 3546 cum
