2548 3950
578 229 807 292 UBER
832 228 1155 292 XXXVIII.
1202 230 1365 292 C-AP.
1399 243 1446 294 1.
1491 241 1564 306 [a.
1585 239 1650 291 c.
1681 241 1806 308 189]
2043 236 2166 301 317

863 515 925 610 Τ
950 515 985 608 Ι
1014 517 1141 612 Ή
1224 518 1343 620 L!
1371 519 1439 612 V
1467 517 1502 618 l
1591 579 1597 587 ,

764 666 877 728 As
916 667 1151 730 URBE
1199 669 1608 743 conum

894 782 1116 849 LIBER
1156 785 1479 872 xxxvlu.

236 1019 539 1078 EPI'I'OME.⁸
606 1020 673 1079 M.
699 1017 905 1073 Fulvius
942 1021 1118 1070 consul
1154 1023 1207 1072 in
1240 1023 1396 1088 Epiro
1423 1023 1810 1072 Ambracienses
1843 1024 2080 1073 obsessos
2116 1026 2168 1074 in

314 1089 622 1141 deditionem
650 1089 863 1155 aceepit,
886 1086 1265 1155 Cephalleniam
1287 1091 1508 1157 subegit,
1531 1089 1736 1142 Aetolis
1757 1091 2056 1156 perdomitis
2073 1107 2166 1158 pa-

312 1173 425 1210 cem
460 1159 617 1212 dedit.
670 1156 759 1209 Gn.
791 1156 1009 1210 Manlius
1042 1161 1249 1225 consul,
1289 1161 1484 1231 collega
1517 1161 1646 1222 eius,
1681 1159 2036 1226 Gallograecos
2069 1163 2168 1212 To-

312 1227 611 1293 listobogios
646 1234 697 1284 ot
715 1229 1025 1294 Tectosages
1058 1237 1109 1278 et
1122 1230 1386 1292 Trocmos,
1423 1230 1512 1293 qui
1529 1230 1730 1292 Brenno
1765 1231 1894 1296 duce
1919 1231 1974 1280 in
1989 1231 2169 1282 Asiam

310 1296 627 1358 transierant,
665 1310 779 1350 cum
812 1295 913 1350 soli
948 1298 1071 1352 citra
1102 1297 1324 1351 Taurum
1355 1305 1576 1350 montem
1609 1313 1711 1349 non
1727 1305 1988 1364 parerent,
2021 1301 2164 1350 vicit.

311 1379 489 1415 eorum
524 1365 685 1432 origo,
722 1369 773 1414 et
804 1381 905 1430 quo
940 1366 1094 1416 modo
1130 1379 1191 1416 ea
1224 1367 1367 1433 loca,
1404 1381 1532 1430 quae
1567 1373 1756 1434 tenent,
1795 1368 2167 1432 occupaverint,

308 1433 541 1486 refertur.
598 1433 889 1498 exemplum
923 1449 1124 1497 quoque
1155 1436 1354 1484 >virtutis
1391 1441 1442 1484 et
1474 1435 1751 1502 pudicitiae
1773 1433 1828 1483 in
1857 1433 2046 1486 femina
2067 1443 2169 1502 tra-

310 1503 471 1554 ditur:
524 1517 656 1566 quae
688 1517 803 1552 cum
841 1502 1151 1568 Ortiagontis
1182 1505 1321 1570 regis
1360 1502 1800 1569 Gallograecorum
1835 1519 1968 1554 uxor
2001 1503 2171 1568 fuerit,

309 1573 513 1637 captiva
546 1572 891 1624 centurionem
922 1572 1203 1636 custodem,
1241 1573 1330 1636 qui
1357 1574 1406 1624 ei
1435 1573 1544 1623 vim
1561 1571 1814 1636 intulerat,
1852 1572 2054 1626 occidit.
2091 1572 2170 1622 lu-

310 1648 479 1696 strum,
498 1655 529 1689 a
554 1640 851 1690 censoribus
888 1640 1149 1693 constitum
1178 1648 1283 1690 est:
1323 1647 1475 1692 censa
1509 1649 1626 1694 sunt
1655 1641 1844 1694 civium
1877 1642 2044 1710 capita
2075 1641 2168 1692 du-

309 1715 457 1762 centa
484 1709 852 1776 quinquaginta
882 1717 995 1763 octo
1016 1708 1155 1760 milia
1172 1716 1222 1759 et
1248 1717 1471 1759 trecenta
1489 1710 1670 1778 viginti
1695 1717 1824 1762 octo.
1881 1725 1996 1762 cum
2018 1709 2168 1760 Aria-

310 1775 451 1831 ruthe
486 1791 610 1842 rege
642 1773 996 1844 Cappadociae
1042 1779 1267 1830 amicitia
1300 1777 1472 1828 iuncta
1507 1786 1602 1839 est.
1630 1828 1635 1832 ,
1671 1778 1761 1831 Gn.
1800 1777 2018 1830 Manlius
2051 1793 2170 1830 con-

310 1845 673 1898 tradicentibus
721 1847 899 1898 decem
944 1847 1156 1914 legatis,
1206 1861 1273 1897 ex
1305 1861 1521 1910 quorum
1565 1849 1778 1898 consilio
1827 1848 2011 1898 foedus
2055 1863 2168 1898 cum

308 1909 560 1965 Antiocho
596 1917 994 1982 conscripserat,
1032 1917 1097 1966 de
1137 1915 1510 1983 Gallograecia,
1555 1924 1668 1966 acta
1701 1931 1794 1983 pro
1832 1932 1889 1967 se
1925 1931 2084 1966 causa
2117 1918 2170 1968 in

306 1991 489 2038 senatu
504 2020 521 2049 ,
556 1983 904 2049 triumphavit.
964 1985 1133 2050 Scipio
1171 1984 1444 2037 Africanus
1483 1985 1566 2038 die
1601 1987 1650 2037 ei
1683 1986 1836 2045 dicta,
1873 1993 1928 2035 ut
1963 1985 2170 2049 quidam

303 2053 525 2114 tradunt,
564 2068 595 2103 a
632 2052 688 2111 Q.
708 2054 905 2105 Petillio
940 2054 1141 2106 tribuno
1175 2054 1362 2119 plebis,
1399 2061 1456 2105 ut
1491 2054 1713 2117 quidam,
1745 2068 1777 2105 a
1793 2048 2000 2119 Naevio,
2034 2055 2170 2117 quod

302 2121 495 2188 praeda
530 2138 596 2173 ex
611 2122 859 2172 Antiocho
900 2128 1047 2187 capta
1079 2124 1330 2173 aerarium
1355 2122 1660 2189 fraudasset,
1698 2130 1966 2189 postquam
1989 2124 2034 2172 is
2060 2123 2170 2173 dies

306 2192 469 2255 venit,
507 2198 747 2241 evocatus
786 2192 839 2240 in
873 2188 1059 2251 Rostra
1094 2190 1229 2252 „hac
1265 2192 1386 2242 die“
1423 2192 1588 2255 inquit
1619 2192 1876 2253 „Quirites
1892 2228 1906 2251 ,
1963 2190 2170 2242 Cartha-

308 2261 480 2326 ginem
510 2260 681 2321 vici,“
718 2266 769 2309 et
801 2267 1145 2325 prosequente
1173 2260 1366 2326 populo
1405 2259 1712 2325 Capitolium
1745 2259 1994 2312 ascendit.
2045 2260 2169 2311 inde

308 2342 373 2381 nc
396 2327 617 2393 amplius
648 2328 931 2379 tribuniciis
946 2328 1149 2381 iniuriis
1178 2336 1462 2389 vexaretur,
1500 2329 1554 2379 in
1571 2328 1914 2383 voluntarium
1927 2326 2172 2382 exsilium

307 2397 570 2452 Liternum
607 2398 877 2451 concessit.
932 2397 1178 2449 incertum
1202 2398 1277 2448 ibi
1309 2413 1375 2451 an
1390 2398 1584 2449 Romae
1617 2398 1886 2452 defunctus
1923 2399 2014 2449 sit=
2051 2412 2171 2449 nam

308 2467 419 2519 eius
454 2472 837 2521 monumentum
886 2467 1155 2531 utrobique
1186 2466 1302 2517 fuit.
1372 2466 1432 2517 L.
1473 2464 1647 2535 Scipio
1675 2466 1934 2519 Asiaticus
1947 2504 1966 2535 ,
2015 2466 2172 2517 frater

304 2534 534 2585 Africani
594 2534 773 2586 eodem
808 2533 1075 2600 peculatus
1112 2534 1322 2605 crimine
1351 2544 1616 2587 accusatus
1651 2537 2020 2599 damnatusque·
2056 2550 2172 2585 cum

300 2604 355 2653 in
388 2576 593 2653 vincufa
630 2611 679 2653 et
715 2617 965 2655 carcerem
1002 2605 1285 2665 duceretur,
1320 2604 1397 2655 Ti.
1439 2604 1771 2671 Sempronius
1795 2602 2049 2657 Gracchus
2083 2606 2170 2655 tri-

306 2672 475 2723 hunus
506 2672 689 2737 plebis,
727 2674 816 2737 qui
850 2680 1001 2724 antea
1018 2672 1342 2739 Scipionibus
1377 2674 1612 2726 inimicus
1649 2674 1830 2736 fuerat,
1865 2675 2168 2735 intercessit,

300 2749 353 2797 et
388 2740 452 2793 ob
487 2741 545 2793 id
587 2742 891 2798 Beneficium
932 2740 1163 2795 Africani
1206 2742 1360 2796 filiam
1406 2744 1570 2802 duxit.
1627 2760 1746 2796 cum
1791 2751 2085 2809 quaestores
2116 2743 2170 2793 in

300 2814 437 2863 bona
472 2811 583 2866 eius
618 2812 824 2879 publice
854 2812 1169 2881 possidenda
1197 2814 1344 2863 missi
1377 2822 1565 2875 essent,
1600 2829 1704 2865 non
1735 2814 1888 2867 modo
1923 2814 1978 2865 in
2007 2812 2074 2863 iis
2093 2810 2169 2863 ul-

302 2878 409 2931 lum
436 2882 712 2947 vestigium
744 2882 991 2951 pecuniae
1024 2883 1198 2951 regiae
1235 2884 1486 2949 apparuit,
1517 2883 1610 2934 scd
1627 2898 1948 2949 nequaquam
1973 2889 2168 2933 tautum

302 2948 563 2999 redactum
596 2958 815 3014 quantae
852 2964 1083 3002 summae
1125 2958 1230 3002 erat
1266 2952 1546 3003 damnatus.
1611 2952 1848 3003 collatam
1880 2966 1914 3001 a
1949 2950 2167 3015 cognitis
2257 2972 2260 2975 ⁴

304 3022 355 3065 et
389 3018 565 3067 amicis
599 3019 1020 3069 innumerabilem
1052 3020 1324 3083 pecuniam
1359 3022 1592 3086 accipere
1614 3019 1804 3071 noluit=
1841 3033 1976 3083 quae
1993 3032 2166 3067 neces-

304 3086 439 3135 saria
474 3088 523 3135 ei
554 3094 697 3137 erant
730 3087 799 3137 a&
830 3086 1035 3151 cultum,
1073 3088 1353 3153 redempta.
1421 3145 1426 3153 ¹

370 3216 418 3275 1.
457 3218 621 3281 Dum
646 3216 706 3279 in
735 3217 889 3279 Asia
914 3218 1143 3281 bellum
1172 3216 1418 3293 geritur,
1449 3233 1530 3281 ne
1557 3216 1620 3281 iu
1645 3214 1890 3283 Aetolia
1920 3216 2166 3292 quidem

202 3299 445 3379 quietae
484 3318 589 3365 res
631 3302 903 3379 fuerant,
943 3301 1247 3379 principio
1289 3319 1328 3363 a
1353 3306 1537 3381 gente
1562 3301 1968 3365 Athamanum
2008 3307 2162 3362 orto.

199 3384 567 3453 Athamania
608 3402 687 3449 ea
726 3394 1090 3464 tempestate
1132 3388 1316 3465 pulso
1343 3385 1746 3465 Amynandro
1780 3384 1893 3448 sub
1921 3384 2163 3461 praese·
2261 3390 2290 3409 ⁶

201 3468 315 3531 ctis
340 3468 603 3549 Philippi
630 3472 803 3549 regio
832 3472 1151 3535 tenebatur
1180 3472 1514 3551 praesidio,
1546 3471 1650 3549 qui
1679 3468 1948 3547 superbo
1980 3476 2164 3546 atque
