<?xml version="1.0" encoding="UTF-8"?>
<!DOCTYPE html PUBLIC "-//W3C//DTD XHTML 1.0 Transitional//EN"
    "http://www.w3.org/TR/xhtml1/DTD/xhtml1-transitional.dtd">
<html xmlns="http://www.w3.org/1999/xhtml" xml:lang="en" lang="en">
 <head>
  <title>
</title>
<meta http-equiv="Content-Type" content="text/html;charset=utf-8" />
  <meta name='ocr-system' content='tesseract 3.04.00' />
  <meta name='ocr-capabilities' content='ocr_page ocr_carea ocr_par ocr_line ocrx_word'/>
</head>
<body>
  <div class='ocr_page' id='page_1' title='image "./aburbeconditali14livygoog_0053.png"; bbox 0 0 2548 3950; ppageno 0'>
   <div class='ocr_carea' id='block_1_1' title="bbox 349 164 1969 238">
    <p class='ocr_par' dir='ltr' id='par_1_1' title="bbox 349 164 1969 238">
     <span class='ocr_line' id='line_1_1' title="bbox 349 164 1969 238; baseline -0.005 -6"><span class='ocrx_word' id='word_1_1' title='bbox 349 171 433 232; x_wconf 80' lang='lat'><strong>26</strong></span> <span class='ocrx_word' id='word_1_2' title='bbox 644 167 875 228; x_wconf 87' lang='lat' dir='ltr'><strong>LIBER</strong></span> <span class='ocrx_word' id='word_1_3' title='bbox 896 164 1104 226; x_wconf 89' lang='lat' dir='ltr'>XXXI.</span> <span class='ocrx_word' id='word_1_4' title='bbox 1142 164 1309 225; x_wconf 84' lang='lat' dir='ltr'>CAP.</span> <span class='ocrx_word' id='word_1_5' title='bbox 1332 172 1419 226; x_wconf 79' lang='lat'><strong>29.</strong></span> <span class='ocrx_word' id='word_1_6' title='bbox 1442 172 1530 226; x_wconf 83' lang='lat'><strong>30.</strong></span> <span class='ocrx_word' id='word_1_7' title='bbox 1576 169 1651 238; x_wconf 87' lang='lat' dir='ltr'><strong>[a.</strong></span> <span class='ocrx_word' id='word_1_8' title='bbox 1676 167 1743 220; x_wconf 90' lang='lat' dir='ltr'><strong>U.</strong></span> <span class='ocrx_word' id='word_1_9' title='bbox 1771 185 1819 220; x_wconf 89' lang='lat' dir='ltr'><strong>c.</strong></span> <span class='ocrx_word' id='word_1_10' title='bbox 1843 168 1969 235; x_wconf 79' lang='lat'><strong>552]</strong></span> 
     </span>
    </p>
   </div>
   <div class='ocr_carea' id='block_1_2' title="bbox 343 312 2319 3507">
    <p class='ocr_par' dir='ltr' id='par_1_2' title="bbox 343 312 2317 1722">
     <span class='ocr_line' id='line_1_2' title="bbox 347 312 2317 392; baseline -0.003 -9"><span class='ocrx_word' id='word_1_11' title='bbox 347 329 513 384; x_wconf 87' lang='lat' dir='ltr'><strong>statu</strong></span> <span class='ocrx_word' id='word_1_12' title='bbox 540 333 911 380; x_wconf 88' lang='lat' dir='ltr'><strong>mansurum.</strong></span> <span class='ocrx_word' id='word_1_13' title='bbox 953 313 1216 392; x_wconf 88' lang='lat' dir='ltr'><strong>Philippi</strong></span> <span class='ocrx_word' id='word_1_14' title='bbox 1243 331 1500 391; x_wconf 83' lang='lat' dir='ltr'><strong>regnum</strong></span> <span class='ocrx_word' id='word_1_15' title='bbox 1530 314 1781 375; x_wconf 84' lang='lat' dir='ltr'><strong>officere</strong></span> <span class='ocrx_word' id='word_1_16' title='bbox 1808 313 2042 388; x_wconf 82' lang='lat' dir='ltr'><strong>aliquid</strong></span> <span class='ocrx_word' id='word_1_17' title='bbox 2072 312 2317 376; x_wconf 84' lang='lat' dir='ltr'><strong>videtur</strong></span> 
     </span>
     <span class='ocr_line' id='line_1_3' title="bbox 349 395 2313 477; baseline -0.003 -11"><span class='ocrx_word' id='word_1_18' title='bbox 349 403 608 466; x_wconf 75' lang='lat' dir='ltr'>libertati</span> <span class='ocrx_word' id='word_1_19' title='bbox 661 409 935 464; x_wconf 75' lang='lat' dir='ltr'><strong>vestrae:</strong></span> <span class='ocrx_word' id='word_1_20' title='bbox 994 401 1100 477; x_wconf 90' lang='lat' dir='ltr'><strong>qui</strong></span> <span class='ocrx_word' id='word_1_21' title='bbox 1147 416 1286 460; x_wconf 89' lang='lat' dir='ltr'><strong>cum</strong></span> <span class='ocrx_word' id='word_1_22' title='bbox 1316 397 1528 459; x_wconf 88' lang='lat' dir='ltr'><strong>merito</strong></span> <span class='ocrx_word' id='word_1_23' title='bbox 1570 404 1777 458; x_wconf 88' lang='lat' dir='ltr'><strong>vestro</strong></span> <span class='ocrx_word' id='word_1_24' title='bbox 1806 395 1989 458; x_wconf 90' lang='lat' dir='ltr'><strong>vobis</strong></span> <span class='ocrx_word' id='word_1_25' title='bbox 2032 398 2313 460; x_wconf 85' lang='lat' dir='ltr'><strong>infensus</strong></span> 
     </span>
     <span class='ocr_line' id='line_1_4' title="bbox 343 480 2315 563; baseline -0.004 -13"><span class='ocrx_word' id='word_1_26' title='bbox 343 497 548 563; x_wconf 88' lang='lat' dir='ltr'><strong>esset,</strong></span> <span class='ocrx_word' id='word_1_27' title='bbox 590 485 742 547; x_wconf 86' lang='lat' dir='ltr'>nihil</span> <span class='ocrx_word' id='word_1_28' title='bbox 779 501 818 546; x_wconf 88' lang='lat' dir='ltr'><strong>a</strong></span> <span class='ocrx_word' id='word_1_29' title='bbox 843 483 1023 547; x_wconf 91' lang='lat' dir='ltr'><strong>vobis</strong></span> <span class='ocrx_word' id='word_1_30' title='bbox 1069 483 1222 544; x_wconf 87' lang='lat' dir='ltr'><strong>ultra</strong></span> <span class='ocrx_word' id='word_1_31' title='bbox 1263 498 1447 558; x_wconf 90' lang='lat' dir='ltr'><strong>quam</strong></span> <span class='ocrx_word' id='word_1_32' title='bbox 1487 497 1708 558; x_wconf 87' lang='lat' dir='ltr'><strong>pacem</strong></span> <span class='ocrx_word' id='word_1_33' title='bbox 1745 480 1951 556; x_wconf 89' lang='lat' dir='ltr'><strong>petiit,</strong></span> <span class='ocrx_word' id='word_1_34' title='bbox 2000 481 2315 558; x_wconf 86' lang='lat' dir='ltr'><strong>fidemque</strong></span> 
     </span>
     <span class='ocr_line' id='line_1_5' title="bbox 345 564 2313 646; baseline -0.004 -13"><span class='ocrx_word' id='word_1_35' title='bbox 345 570 534 633; x_wconf 79' lang='lat' dir='ltr'><strong>hodie</strong></span> <span class='ocrx_word' id='word_1_36' title='bbox 563 570 739 646; x_wconf 88' lang='lat' dir='ltr'><strong>pacis</strong></span> <span class='ocrx_word' id='word_1_37' title='bbox 768 574 986 644; x_wconf 88' lang='lat' dir='ltr'><strong>pactae</strong></span> <span class='ocrx_word' id='word_1_38' title='bbox 1015 565 1346 628; x_wconf 81' lang='lat' dir='ltr'><strong>desiderat.</strong></span> <span class='ocrx_word' id='word_1_39' title='bbox 1390 564 1769 627; x_wconf 77' lang='lat' dir='ltr'><strong>adsuefacite</strong></span> <span class='ocrx_word' id='word_1_40' title='bbox 1792 564 1889 625; x_wconf 90' lang='lat' dir='ltr'><strong>his</strong></span> <span class='ocrx_word' id='word_1_41' title='bbox 1919 565 2099 626; x_wconf 87' lang='lat' dir='ltr'><strong>terris</strong></span> <span class='ocrx_word' id='word_1_42' title='bbox 2122 565 2313 641; x_wconf 84' lang='lat' dir='ltr'><strong>legio-</strong></span> 
     </span>
     <span class='ocr_line' id='line_1_6' title="bbox 345 646 2316 728; baseline -0.002 -12"><span class='ocrx_word' id='word_1_43' title='bbox 345 671 462 716; x_wconf 88' lang='lat' dir='ltr'><strong>nes</strong></span> <span class='ocrx_word' id='word_1_44' title='bbox 492 665 799 728; x_wconf 73' lang='lat' dir='ltr'><strong>externaS,</strong></span> <span class='ocrx_word' id='word_1_45' title='bbox 829 661 892 714; x_wconf 87' lang='lat' dir='ltr'><strong>et</strong></span> <span class='ocrx_word' id='word_1_46' title='bbox 917 650 1125 726; x_wconf 82' lang='lat' dir='ltr'><strong>iugum</strong></span> <span class='ocrx_word' id='word_1_47' title='bbox 1153 649 1446 724; x_wconf 68' lang='lat' dir='ltr'><strong>accipitca</strong></span> <span class='ocrx_word' id='word_1_48' title='bbox 1489 663 1631 711; x_wconf 88' lang='lat' dir='ltr'><strong>sero</strong></span> <span class='ocrx_word' id='word_1_49' title='bbox 1654 665 1727 708; x_wconf 86' lang='lat' dir='ltr'><strong>ac</strong></span> <span class='ocrx_word' id='word_1_50' title='bbox 1752 646 2145 726; x_wconf 79' lang='lat' dir='ltr'><strong>nequiquam,</strong></span> <span class='ocrx_word' id='word_1_51' title='bbox 2176 665 2316 712; x_wconf 87' lang='lat' dir='ltr'><strong>cum</strong></span> 
     </span>
     <span class='ocr_line' id='line_1_7' title="bbox 346 732 2313 808; baseline -0.002 -8"><span class='ocrx_word' id='word_1_52' title='bbox 346 739 662 800; x_wconf 89' lang='lat' dir='ltr'><strong>dominum</strong></span> <span class='ocrx_word' id='word_1_53' title='bbox 693 739 1036 799; x_wconf 87' lang='lat' dir='ltr'><strong>Romanum</strong></span> <span class='ocrx_word' id='word_1_54' title='bbox 1080 733 1415 808; x_wconf 76' lang='lat' dir='ltr'><strong>habebitiS,</strong></span> <span class='ocrx_word' id='word_1_55' title='bbox 1458 732 1695 796; x_wconf 89' lang='lat' dir='ltr'><strong>socium</strong></span> <span class='ocrx_word' id='word_1_56' title='bbox 1732 732 2083 808; x_wconf 85' lang='lat' dir='ltr'><strong>Philippum</strong></span> <span class='ocrx_word' id='word_1_57' title='bbox 2126 750 2313 808; x_wconf 89' lang='lat' dir='ltr'><strong>quae-</strong></span> 
     </span>
     <span class='ocr_line' id='line_1_8' title="bbox 347 816 2315 893; baseline -0.001 -11"><span class='ocrx_word' id='word_1_58' title='bbox 347 822 516 884; x_wconf 87' lang='lat' dir='ltr'><strong>retis.</strong></span> <span class='ocrx_word' id='word_1_59' title='bbox 586 821 848 883; x_wconf 80' lang='lat' dir='ltr'><strong>Aetolos</strong></span> <span class='ocrx_word' id='word_1_60' title='bbox 888 822 1252 880; x_wconf 79' lang='lat' dir='ltr'><strong>Acarnanas</strong></span> <span class='ocrx_word' id='word_1_61' title='bbox 1294 816 1703 893; x_wconf 79' lang='lat' dir='ltr'><strong>MacedonaS,</strong></span> <span class='ocrx_word' id='word_1_62' title='bbox 1744 816 2024 878; x_wconf 87' lang='lat' dir='ltr'><strong>eiusdem</strong></span> <span class='ocrx_word' id='word_1_63' title='bbox 2066 818 2315 893; x_wconf 82' lang='lat' dir='ltr'><strong>linguae</strong></span> 
     </span>
     <span class='ocr_line' id='line_1_9' title="bbox 347 899 2313 980; baseline -0.003 -14"><span class='ocrx_word' id='word_1_64' title='bbox 347 905 661 980; x_wconf 88' lang='lat' dir='ltr'><strong>homines,</strong></span> <span class='ocrx_word' id='word_1_65' title='bbox 700 906 873 965; x_wconf 84' lang='lat' dir='ltr'><strong>leves</strong></span> <span class='ocrx_word' id='word_1_66' title='bbox 915 903 995 963; x_wconf 88' lang='lat' dir='ltr'><strong>ad</strong></span> <span class='ocrx_word' id='word_1_67' title='bbox 1033 911 1280 978; x_wconf 85' lang='lat' dir='ltr'><strong>tempus</strong></span> <span class='ocrx_word' id='word_1_68' title='bbox 1323 911 1495 963; x_wconf 88' lang='lat' dir='ltr'><strong>ortae</strong></span> <span class='ocrx_word' id='word_1_69' title='bbox 1524 917 1752 963; x_wconf 88' lang='lat' dir='ltr'><strong>causae</strong></span> <span class='ocrx_word' id='word_1_70' title='bbox 1781 899 2139 978; x_wconf 87' lang='lat' dir='ltr'><strong>disiungunt</strong></span> <span class='ocrx_word' id='word_1_71' title='bbox 2167 918 2313 963; x_wconf 90' lang='lat' dir='ltr'><strong>con·</strong></span> 
     </span>
     <span class='ocr_line' id='line_1_10' title="bbox 347 985 2315 1066; baseline -0.002 -15"><span class='ocrx_word' id='word_1_72' title='bbox 347 991 756 1066; x_wconf 85' lang='lat' dir='ltr'><strong>iunguntque:</strong></span> <span class='ocrx_word' id='word_1_73' title='bbox 830 1003 969 1049; x_wconf 89' lang='lat' dir='ltr'><strong>cum</strong></span> <span class='ocrx_word' id='word_1_74' title='bbox 1025 985 1385 1060; x_wconf 84' lang='lat' dir='ltr'><strong>alienigenis</strong></span> <span class='ocrx_word' id='word_1_75' title='bbox 1401 1032 1417 1060; x_wconf 91' lang='lat'><strong><em>‚</em></strong></span> <span class='ocrx_word' id='word_1_76' title='bbox 1476 1001 1615 1046; x_wconf 89' lang='lat' dir='ltr'><strong>cum</strong></span> <span class='ocrx_word' id='word_1_77' title='bbox 1664 985 1942 1046; x_wconf 89' lang='lat' dir='ltr'><strong>barbaris</strong></span> <span class='ocrx_word' id='word_1_78' title='bbox 2000 993 2315 1047; x_wconf 88' lang='lat' dir='ltr'><strong>aeternum</strong></span> 
     </span>
     <span class='ocr_line' id='line_1_11' title="bbox 345 1069 2317 1146; baseline -0.003 -10"><span class='ocrx_word' id='word_1_79' title='bbox 345 1073 634 1136; x_wconf 88' lang='lat' dir='ltr'><strong>omnibus</strong></span> <span class='ocrx_word' id='word_1_80' title='bbox 667 1073 918 1133; x_wconf 87' lang='lat' dir='ltr'><strong>Graecis</strong></span> <span class='ocrx_word' id='word_1_81' title='bbox 965 1071 1188 1131; x_wconf 89' lang='lat' dir='ltr'><strong>bellum</strong></span> <span class='ocrx_word' id='word_1_82' title='bbox 1219 1078 1316 1130; x_wconf 89' lang='lat' dir='ltr'><strong>est</strong></span> <span class='ocrx_word' id='word_1_83' title='bbox 1344 1069 1601 1146; x_wconf 88' lang='lat' dir='ltr'><strong>eritque.</strong></span> <span class='ocrx_word' id='word_1_84' title='bbox 1676 1075 1891 1130; x_wconf 89' lang='lat' dir='ltr'><strong>natura</strong></span> <span class='ocrx_word' id='word_1_85' title='bbox 1919 1069 2109 1144; x_wconf 89' lang='lat' dir='ltr'><strong>enim,</strong></span> <span class='ocrx_word' id='word_1_86' title='bbox 2155 1085 2317 1146; x_wconf 85' lang='lat' dir='ltr'><strong>quae</strong></span> 
     </span>
     <span class='ocr_line' id='line_1_12' title="bbox 349 1152 2315 1233; baseline -0.003 -15"><span class='ocrx_word' id='word_1_87' title='bbox 349 1165 648 1233; x_wconf 84' lang='lat' dir='ltr'><strong>perpetua</strong></span> <span class='ocrx_word' id='word_1_88' title='bbox 677 1162 790 1230; x_wconf 87' lang='lat' dir='ltr'><strong>est,</strong></span> <span class='ocrx_word' id='word_1_89' title='bbox 818 1172 943 1217; x_wconf 87' lang='lat' dir='ltr'><strong>non</strong></span> <span class='ocrx_word' id='word_1_90' title='bbox 973 1152 1366 1214; x_wconf 82' lang='lat' dir='ltr'><strong>mutabilibus</strong></span> <span class='ocrx_word' id='word_1_91' title='bbox 1390 1153 1454 1214; x_wconf 90' lang='lat' dir='ltr'><strong>in</strong></span> <span class='ocrx_word' id='word_1_92' title='bbox 1484 1152 1645 1214; x_wconf 92' lang='lat' dir='ltr'><strong>diem</strong></span> <span class='ocrx_word' id='word_1_93' title='bbox 1675 1154 1882 1215; x_wconf 86' lang='lat' dir='ltr'><strong>causis</strong></span> <span class='ocrx_word' id='word_1_94' title='bbox 1911 1153 2125 1216; x_wconf 89' lang='lat' dir='ltr'><strong>hostes</strong></span> <span class='ocrx_word' id='word_1_95' title='bbox 2151 1161 2315 1215; x_wconf 89' lang='lat' dir='ltr'><strong>sunt.</strong></span> 
     </span>
     <span class='ocr_line' id='line_1_13' title="bbox 349 1235 2315 1314; baseline -0.002 -11"><span class='ocrx_word' id='word_1_96' title='bbox 349 1243 468 1303; x_wconf 88' lang='lat' dir='ltr'><strong>sed</strong></span> <span class='ocrx_word' id='word_1_97' title='bbox 495 1241 660 1302; x_wconf 91' lang='lat' dir='ltr'><strong>unde</strong></span> <span class='ocrx_word' id='word_1_98' title='bbox 689 1240 896 1314; x_wconf 88' lang='lat' dir='ltr'><strong>eoepit</strong></span> <span class='ocrx_word' id='word_1_99' title='bbox 924 1236 1120 1300; x_wconf 88' lang='lat' dir='ltr'><strong>oratio</strong></span> <span class='ocrx_word' id='word_1_100' title='bbox 1149 1252 1304 1311; x_wconf 89' lang='lat' dir='ltr'><strong>mea,</strong></span> <span class='ocrx_word' id='word_1_101' title='bbox 1335 1235 1420 1298; x_wconf 91' lang='lat' dir='ltr'><strong>ibi</strong></span> <span class='ocrx_word' id='word_1_102' title='bbox 1449 1237 1709 1299; x_wconf 75' lang='lat' dir='ltr'><strong>desinet.</strong></span> <span class='ocrx_word' id='word_1_103' title='bbox 1770 1239 1891 1300; x_wconf 89' lang='lat' dir='ltr'><strong>hoc</strong></span> <span class='ocrx_word' id='word_1_104' title='bbox 1920 1240 2143 1301; x_wconf 89' lang='lat' dir='ltr'><strong>eodem</strong></span> <span class='ocrx_word' id='word_1_105' title='bbox 2173 1239 2315 1300; x_wconf 91' lang='lat' dir='ltr'><strong>loco</strong></span> 
     </span>
     <span class='ocr_line' id='line_1_14' title="bbox 349 1320 2314 1398; baseline -0.002 -11"><span class='ocrx_word' id='word_1_106' title='bbox 349 1325 512 1387; x_wconf 90' lang='lat' dir='ltr'><strong>idem</strong></span> <span class='ocrx_word' id='word_1_107' title='bbox 562 1324 842 1386; x_wconf 85' lang='lat' dir='ltr'><strong>homines</strong></span> <span class='ocrx_word' id='word_1_108' title='bbox 887 1324 966 1384; x_wconf 88' lang='lat' dir='ltr'><strong>de</strong></span> <span class='ocrx_word' id='word_1_109' title='bbox 1015 1320 1295 1383; x_wconf 89' lang='lat' dir='ltr'><strong>eiusdem</strong></span> <span class='ocrx_word' id='word_1_110' title='bbox 1340 1320 1602 1397; x_wconf 84' lang='lat' dir='ltr'><strong>Philippi</strong></span> <span class='ocrx_word' id='word_1_111' title='bbox 1651 1337 1807 1398; x_wconf 89' lang='lat' dir='ltr'><strong>pace</strong></span> <span class='ocrx_word' id='word_1_112' title='bbox 1859 1322 2117 1384; x_wconf 89' lang='lat' dir='ltr'><strong>triennio</strong></span> <span class='ocrx_word' id='word_1_113' title='bbox 2171 1330 2314 1384; x_wconf 79' lang='lat' dir='ltr'><strong>ante</strong></span> 
     </span>
     <span class='ocr_line' id='line_1_15' title="bbox 350 1403 2313 1483; baseline -0.002 -13"><span class='ocrx_word' id='word_1_114' title='bbox 350 1407 747 1483; x_wconf 78' lang='lat' dir='ltr'><strong>decrevistiS‚</strong></span> <span class='ocrx_word' id='word_1_115' title='bbox 796 1408 994 1469; x_wconf 87' lang='lat' dir='ltr'><strong>isdem</strong></span> <span class='ocrx_word' id='word_1_116' title='bbox 1033 1403 1521 1480; x_wconf 83' lang='lat' dir='ltr'><strong>improbantibus</strong></span> <span class='ocrx_word' id='word_1_117' title='bbox 1562 1421 1696 1465; x_wconf 87' lang='lat' dir='ltr'><strong>eam</strong></span> <span class='ocrx_word' id='word_1_118' title='bbox 1738 1421 1957 1482; x_wconf 89' lang='lat' dir='ltr'><strong>pacem</strong></span> <span class='ocrx_word' id='word_1_119' title='bbox 1996 1406 2313 1480; x_wconf 73' lang='lat' dir='ltr'><strong>RomaniS,</strong></span> 
     </span>
     <span class='ocr_line' id='line_1_16' title="bbox 351 1490 2317 1570; baseline -0.002 -17"><span class='ocrx_word' id='word_1_120' title='bbox 351 1495 457 1570; x_wconf 88' lang='lat' dir='ltr'><strong>qui</strong></span> <span class='ocrx_word' id='word_1_121' title='bbox 485 1509 646 1554; x_wconf 90' lang='lat' dir='ltr'><strong>nunc</strong></span> <span class='ocrx_word' id='word_1_122' title='bbox 687 1499 929 1567; x_wconf 86' lang='lat' dir='ltr'><strong>pactam</strong></span> <span class='ocrx_word' id='word_1_123' title='bbox 971 1497 1033 1551; x_wconf 91' lang='lat' dir='ltr'><strong>et</strong></span> <span class='ocrx_word' id='word_1_124' title='bbox 1073 1490 1476 1565; x_wconf 87' lang='lat' dir='ltr'><strong>compositam</strong></span> <span class='ocrx_word' id='word_1_125' title='bbox 1518 1490 1766 1550; x_wconf 86' lang='lat' dir='ltr'><strong>turbare</strong></span> <span class='ocrx_word' id='word_1_126' title='bbox 1807 1491 2038 1552; x_wconf 89' lang='lat' dir='ltr'><strong>volunt.</strong></span> <span class='ocrx_word' id='word_1_127' title='bbox 2095 1491 2156 1549; x_wconf 91' lang='lat' dir='ltr'><strong>in</strong></span> <span class='ocrx_word' id='word_1_128' title='bbox 2190 1505 2317 1565; x_wconf 87' lang='lat' dir='ltr'><strong>qua</strong></span> 
     </span>
     <span class='ocr_line' id='line_1_17' title="bbox 352 1575 2315 1648; baseline -0.002 -11"><span class='ocrx_word' id='word_1_129' title='bbox 352 1577 798 1638; x_wconf 86' lang='lat' dir='ltr'><strong>consultatione</strong></span> <span class='ocrx_word' id='word_1_130' title='bbox 835 1576 980 1636; x_wconf 88' lang='lat' dir='ltr'><strong>nihil</strong></span> <span class='ocrx_word' id='word_1_131' title='bbox 1015 1575 1261 1635; x_wconf 83' lang='lat' dir='ltr'><strong>fortuna</strong></span> <span class='ocrx_word' id='word_1_132' title='bbox 1292 1575 1570 1648; x_wconf 87' lang='lat' dir='ltr'><strong>mutavit,</strong></span> <span class='ocrx_word' id='word_1_133' title='bbox 1620 1591 1727 1635; x_wconf 85' lang='lat' dir='ltr'><strong>cur</strong></span> <span class='ocrx_word' id='word_1_134' title='bbox 1764 1591 1879 1637; x_wconf 88' lang='lat' dir='ltr'><strong>vos</strong></span> <span class='ocrx_word' id='word_1_135' title='bbox 1917 1575 2157 1636; x_wconf 86' lang='lat' dir='ltr'><strong>mutetis</strong></span> <span class='ocrx_word' id='word_1_136' title='bbox 2190 1588 2315 1634; x_wconf 88' lang='lat' dir='ltr'><strong>non</strong></span> 
     </span>
     <span class='ocr_line' id='line_1_18' title="bbox 350 1661 596 1722; baseline -0.004 -2"><span class='ocrx_word' id='word_1_137' title='bbox 350 1661 596 1722; x_wconf 85' lang='lat' dir='ltr'><strong>video.“</strong></span> 
     </span>
    </p>

    <p class='ocr_par' dir='ltr' id='par_1_3' title="bbox 346 1743 2319 3507">
     <span class='ocr_line' id='line_1_19' title="bbox 517 1743 2314 1820; baseline 0.002 -15"><span class='ocrx_word' id='word_1_138' title='bbox 517 1744 699 1807; x_wconf 87' lang='lat' dir='ltr'><strong>XXX.</strong></span> <span class='ocrx_word' id='word_1_139' title='bbox 745 1743 1100 1805; x_wconf 89' lang='lat' dir='ltr'><strong>Secundum</strong></span> <span class='ocrx_word' id='word_1_140' title='bbox 1125 1743 1502 1806; x_wconf 88' lang='lat' dir='ltr'><strong>Macedonas</strong></span> <span class='ocrx_word' id='word_1_141' title='bbox 1545 1744 1701 1820; x_wconf 90' lang='lat' dir='ltr'><strong>ipsis</strong></span> <span class='ocrx_word' id='word_1_142' title='bbox 1729 1746 2023 1808; x_wconf 89' lang='lat' dir='ltr'><strong>Romanis</strong></span> <span class='ocrx_word' id='word_1_143' title='bbox 2055 1745 2138 1807; x_wconf 89' lang='lat' dir='ltr'><strong>ita</strong></span> <span class='ocrx_word' id='word_1_144' title='bbox 2168 1763 2314 1809; x_wconf 90' lang='lat' dir='ltr'><strong>eon·</strong></span> 
     </span>
     <span class='ocr_line' id='line_1_20' title="bbox 348 1826 2315 1907; baseline 0.001 -15"><span class='ocrx_word' id='word_1_145' title='bbox 348 1829 718 1892; x_wconf 85' lang='lat' dir='ltr'><strong>cedentibus</strong></span> <span class='ocrx_word' id='word_1_146' title='bbox 758 1826 1234 1904; x_wconf 89' lang='lat' dir='ltr'><strong>iubentibusque</strong></span> <span class='ocrx_word' id='word_1_147' title='bbox 1272 1828 1718 1904; x_wconf 80' lang='lat' dir='ltr'><strong>AthenienseS,</strong></span> <span class='ocrx_word' id='word_1_148' title='bbox 1771 1830 1876 1905; x_wconf 89' lang='lat' dir='ltr'><strong>qui</strong></span> <span class='ocrx_word' id='word_1_149' title='bbox 1916 1832 2101 1894; x_wconf 76' lang='lat' dir='ltr'><strong>foeda</strong></span> <span class='ocrx_word' id='word_1_150' title='bbox 2145 1832 2315 1907; x_wconf 90' lang='lat' dir='ltr'><strong>passi</strong></span> 
     </span>
     <span class='ocr_line' id='line_1_21' title="bbox 351 1912 2313 1993; baseline 0 -16"><span class='ocrx_word' id='word_1_151' title='bbox 351 1917 572 1977; x_wconf 88' lang='lat' dir='ltr'><strong>iustius</strong></span> <span class='ocrx_word' id='word_1_152' title='bbox 600 1915 663 1974; x_wconf 90' lang='lat' dir='ltr'><strong>in</strong></span> <span class='ocrx_word' id='word_1_153' title='bbox 693 1913 1112 1987; x_wconf 85' lang='lat' dir='ltr'><strong>crudelitatem</strong></span> <span class='ocrx_word' id='word_1_154' title='bbox 1133 1912 1575 1989; x_wconf 87' lang='lat' dir='ltr'><strong>saevitiamque</strong></span> <span class='ocrx_word' id='word_1_155' title='bbox 1595 1915 1760 1990; x_wconf 86' lang='lat' dir='ltr'><strong>regis</strong></span> <span class='ocrx_word' id='word_1_156' title='bbox 1783 1915 1988 1975; x_wconf 89' lang='lat' dir='ltr'><strong>invehi</strong></span> <span class='ocrx_word' id='word_1_157' title='bbox 2012 1922 2313 1993; x_wconf 86' lang='lat' dir='ltr'><strong>poterant,</strong></span> 
     </span>
     <span class='ocr_line' id='line_1_22' title="bbox 353 1999 2315 2080; baseline 0.001 -20"><span class='ocrx_word' id='word_1_158' title='bbox 353 2000 680 2062; x_wconf 74' lang='lat' dir='ltr'><strong>introducti</strong></span> <span class='ocrx_word' id='word_1_159' title='bbox 703 2005 862 2061; x_wconf 89' lang='lat' dir='ltr'><strong>sunt.</strong></span> <span class='ocrx_word' id='word_1_160' title='bbox 904 2001 1381 2075; x_wconf 86' lang='lat' dir='ltr'><strong>deploraverunt</strong></span> <span class='ocrx_word' id='word_1_161' title='bbox 1400 1999 1803 2060; x_wconf 88' lang='lat' dir='ltr'><strong>vastationem</strong></span> <span class='ocrx_word' id='word_1_162' title='bbox 1826 2001 2315 2080; x_wconf 79' lang='lat' dir='ltr'><strong>populationem·</strong></span> 
     </span>
     <span class='ocr_line' id='line_1_23' title="bbox 357 2084 2315 2160; baseline 0.001 -15"><span class='ocrx_word' id='word_1_163' title='bbox 357 2101 479 2160; x_wconf 92' lang='lat' dir='ltr'><strong>que</strong></span> <span class='ocrx_word' id='word_1_164' title='bbox 519 2084 926 2145; x_wconf 89' lang='lat' dir='ltr'><strong>miserabilem</strong></span> <span class='ocrx_word' id='word_1_165' title='bbox 958 2098 1266 2159; x_wconf 87' lang='lat' dir='ltr'><strong>agrorum.</strong></span> <span class='ocrx_word' id='word_1_166' title='bbox 1333 2100 1535 2160; x_wconf 88' lang='lat' dir='ltr'><strong>neque</strong></span> <span class='ocrx_word' id='word_1_167' title='bbox 1563 2084 1625 2144; x_wconf 93' lang='lat' dir='ltr'><strong>id</strong></span> <span class='ocrx_word' id='word_1_168' title='bbox 1658 2100 1729 2143; x_wconf 92' lang='lat' dir='ltr'><strong>se</strong></span> <span class='ocrx_word' id='word_1_169' title='bbox 1759 2085 1963 2160; x_wconf 89' lang='lat' dir='ltr'><strong>queri,</strong></span> <span class='ocrx_word' id='word_1_170' title='bbox 2007 2087 2175 2160; x_wconf 89' lang='lat' dir='ltr'><strong>quod</strong></span> <span class='ocrx_word' id='word_1_171' title='bbox 2203 2086 2315 2147; x_wconf 52' lang='lat' dir='ltr'><strong>hos</strong></span> 
     </span>
     <span class='ocr_line' id='line_1_24' title="bbox 354 2168 2316 2246; baseline 0 -16"><span class='ocrx_word' id='word_1_172' title='bbox 354 2170 515 2231; x_wconf 88' lang='lat' dir='ltr'><strong>stilia</strong></span> <span class='ocrx_word' id='word_1_173' title='bbox 553 2170 630 2229; x_wconf 89' lang='lat' dir='ltr'><strong>ab</strong></span> <span class='ocrx_word' id='word_1_174' title='bbox 678 2168 858 2231; x_wconf 87' lang='lat' dir='ltr'><strong>hoste</strong></span> <span class='ocrx_word' id='word_1_175' title='bbox 909 2169 1083 2246; x_wconf 88' lang='lat' dir='ltr'><strong>passi</strong></span> <span class='ocrx_word' id='word_1_176' title='bbox 1133 2170 1367 2240; x_wconf 86' lang='lat' dir='ltr'><strong>forent;</strong></span> <span class='ocrx_word' id='word_1_177' title='bbox 1428 2183 1572 2229; x_wconf 87' lang='lat' dir='ltr'><strong>esse</strong></span> <span class='ocrx_word' id='word_1_178' title='bbox 1623 2168 1784 2229; x_wconf 88' lang='lat' dir='ltr'><strong>enim</strong></span> <span class='ocrx_word' id='word_1_179' title='bbox 1828 2170 2131 2245; x_wconf 87' lang='lat' dir='ltr'><strong>quaedam</strong></span> <span class='ocrx_word' id='word_1_180' title='bbox 2172 2170 2316 2231; x_wconf 88' lang='lat' dir='ltr'><strong>belli</strong></span> 
     </span>
     <span class='ocr_line' id='line_1_25' title="bbox 353 2248 2314 2331; baseline 0.001 -16"><span class='ocrx_word' id='word_1_181' title='bbox 353 2255 501 2327; x_wconf 82' lang='lat' dir='ltr'><strong>iura,</strong></span> <span class='ocrx_word' id='word_1_182' title='bbox 535 2270 694 2331; x_wconf 89' lang='lat' dir='ltr'><strong>quae</strong></span> <span class='ocrx_word' id='word_1_183' title='bbox 722 2261 790 2317; x_wconf 86' lang='lat' dir='ltr'><strong>ut</strong></span> <span class='ocrx_word' id='word_1_184' title='bbox 817 2256 1038 2328; x_wconf 87' lang='lat' dir='ltr'><strong>facere,</strong></span> <span class='ocrx_word' id='word_1_185' title='bbox 1067 2255 1152 2316; x_wconf 85' lang='lat' dir='ltr'><strong>ita</strong></span> <span class='ocrx_word' id='word_1_186' title='bbox 1178 2254 1302 2329; x_wconf 88' lang='lat' dir='ltr'><strong>pati</strong></span> <span class='ocrx_word' id='word_1_187' title='bbox 1322 2253 1404 2314; x_wconf 91' lang='lat' dir='ltr'><strong>sit</strong></span> <span class='ocrx_word' id='word_1_188' title='bbox 1426 2248 1549 2315; x_wconf 83' lang='lat' dir='ltr'><strong>fas&#39;:</strong></span> <span class='ocrx_word' id='word_1_189' title='bbox 1581 2261 1715 2316; x_wconf 89' lang='lat' dir='ltr'><strong>sata</strong></span> <span class='ocrx_word' id='word_1_190' title='bbox 1734 2254 1924 2327; x_wconf 84' lang='lat' dir='ltr'><strong>exuri,</strong></span> <span class='ocrx_word' id='word_1_191' title='bbox 1956 2254 2114 2315; x_wconf 85' lang='lat' dir='ltr'><strong>dirui</strong></span> <span class='ocrx_word' id='word_1_192' title='bbox 2136 2262 2314 2331; x_wconf 86' lang='lat' dir='ltr'><strong>tecta,</strong></span> 
     </span>
     <span class='ocr_line' id='line_1_26' title="bbox 354 2338 2314 2415; baseline 0.002 -17"><span class='ocrx_word' id='word_1_193' title='bbox 354 2340 616 2415; x_wconf 88' lang='lat' dir='ltr'><strong>praedas</strong></span> <span class='ocrx_word' id='word_1_194' title='bbox 658 2339 970 2401; x_wconf 89' lang='lat' dir='ltr'><strong>hominum</strong></span> <span class='ocrx_word' id='word_1_195' title='bbox 1011 2354 1434 2414; x_wconf 86' lang='lat' dir='ltr'><strong>pecorumque</strong></span> <span class='ocrx_word' id='word_1_196' title='bbox 1475 2339 1603 2414; x_wconf 84' lang='lat' dir='ltr'><strong>agi,</strong></span> <span class='ocrx_word' id='word_1_197' title='bbox 1646 2338 1872 2399; x_wconf 90' lang='lat' dir='ltr'><strong>misera</strong></span> <span class='ocrx_word' id='word_1_198' title='bbox 1904 2339 2097 2414; x_wconf 83' lang='lat' dir='ltr'><strong>magis</strong></span> <span class='ocrx_word' id='word_1_199' title='bbox 2131 2357 2314 2415; x_wconf 89' lang='lat' dir='ltr'><strong>quam</strong></span> 
     </span>
     <span class='ocr_line' id='line_1_27' title="bbox 351 2423 2315 2500; baseline -0.001 -16"><span class='ocrx_word' id='word_1_200' title='bbox 351 2423 601 2497; x_wconf 82' lang='lat' dir='ltr'><strong>indigna</strong></span> <span class='ocrx_word' id='word_1_201' title='bbox 629 2424 879 2498; x_wconf 86' lang='lat' dir='ltr'><strong>patienti</strong></span> <span class='ocrx_word' id='word_1_202' title='bbox 915 2438 1087 2483; x_wconf 81' lang='lat' dir='ltr'><strong>esse:</strong></span> <span class='ocrx_word' id='word_1_203' title='bbox 1131 2439 1347 2483; x_wconf 88' lang='lat' dir='ltr'><strong>verum</strong></span> <span class='ocrx_word' id='word_1_204' title='bbox 1376 2423 1537 2484; x_wconf 91' lang='lat' dir='ltr'><strong>enim</strong></span> <span class='ocrx_word' id='word_1_205' title='bbox 1564 2423 1801 2484; x_wconf 86' lang='lat' dir='ltr'><strong>veroid</strong></span> <span class='ocrx_word' id='word_1_206' title='bbox 1825 2439 1896 2485; x_wconf 90' lang='lat' dir='ltr'><strong>se</strong></span> <span class='ocrx_word' id='word_1_207' title='bbox 1920 2425 2113 2499; x_wconf 88' lang='lat' dir='ltr'><strong>queri,</strong></span> <span class='ocrx_word' id='word_1_208' title='bbox 2148 2424 2315 2500; x_wconf 92' lang='lat' dir='ltr'><strong>quod</strong></span> 
     </span>
     <span class='ocr_line' id='line_1_28' title="bbox 350 2506 2315 2584; baseline 0.002 -18"><span class='ocrx_word' id='word_1_209' title='bbox 350 2507 438 2579; x_wconf 90' lang='lat' dir='ltr'><strong>is,</strong></span> <span class='ocrx_word' id='word_1_210' title='bbox 497 2507 603 2581; x_wconf 91' lang='lat' dir='ltr'><strong>qui</strong></span> <span class='ocrx_word' id='word_1_211' title='bbox 641 2508 958 2568; x_wconf 87' lang='lat' dir='ltr'><strong>Romanos</strong></span> <span class='ocrx_word' id='word_1_212' title='bbox 1013 2506 1391 2582; x_wconf 87' lang='lat' dir='ltr'><strong>alienigenas</strong></span> <span class='ocrx_word' id='word_1_213' title='bbox 1437 2514 1499 2567; x_wconf 91' lang='lat' dir='ltr'><strong>et</strong></span> <span class='ocrx_word' id='word_1_214' title='bbox 1544 2506 1842 2568; x_wconf 88' lang='lat' dir='ltr'><strong>barbaros</strong></span> <span class='ocrx_word' id='word_1_215' title='bbox 1893 2514 2104 2584; x_wconf 90' lang='lat' dir='ltr'><strong>vocet,</strong></span> <span class='ocrx_word' id='word_1_216' title='bbox 2155 2508 2315 2571; x_wconf 87' lang='lat' dir='ltr'><strong>adeo</strong></span> 
     </span>
     <span class='ocr_line' id='line_1_29' title="bbox 348 2588 2319 2669; baseline 0.002 -18"><span class='ocrx_word' id='word_1_217' title='bbox 348 2588 560 2651; x_wconf 88' lang='lat' dir='ltr'><strong>omnia</strong></span> <span class='ocrx_word' id='word_1_218' title='bbox 597 2590 776 2652; x_wconf 89' lang='lat' dir='ltr'><strong>simul</strong></span> <span class='ocrx_word' id='word_1_219' title='bbox 819 2590 1026 2651; x_wconf 90' lang='lat' dir='ltr'><strong>divina</strong></span> <span class='ocrx_word' id='word_1_220' title='bbox 1062 2589 1450 2665; x_wconf 87' lang='lat' dir='ltr'><strong>humanaque</strong></span> <span class='ocrx_word' id='word_1_221' title='bbox 1489 2590 1624 2653; x_wconf 86' lang='lat' dir='ltr'><strong>iura</strong></span> <span class='ocrx_word' id='word_1_222' title='bbox 1663 2592 1974 2667; x_wconf 87' lang='lat' dir='ltr'><strong>polluerit,</strong></span> <span class='ocrx_word' id='word_1_223' title='bbox 2008 2601 2083 2655; x_wconf 85' lang='lat' dir='ltr'><strong>ut</strong></span> <span class='ocrx_word' id='word_1_224' title='bbox 2109 2593 2319 2669; x_wconf 84' lang='lat' dir='ltr'><strong>priore</strong></span> 
     </span>
     <span class='ocr_line' id='line_1_30' title="bbox 351 2674 2316 2753; baseline 0.001 -17"><span class='ocrx_word' id='word_1_225' title='bbox 351 2674 754 2750; x_wconf 87' lang='lat' dir='ltr'><strong>populatione</strong></span> <span class='ocrx_word' id='word_1_226' title='bbox 784 2690 923 2735; x_wconf 91' lang='lat' dir='ltr'><strong>cum</strong></span> <span class='ocrx_word' id='word_1_227' title='bbox 955 2674 1210 2735; x_wconf 84' lang='lat' dir='ltr'><strong>infernis</strong></span> <span class='ocrx_word' id='word_1_228' title='bbox 1241 2675 1405 2749; x_wconf 80' lang='lat' dir='ltr'><strong>deiS,</strong></span> <span class='ocrx_word' id='word_1_229' title='bbox 1438 2675 1715 2736; x_wconf 87' lang='lat' dir='ltr'><strong>secunda</strong></span> <span class='ocrx_word' id='word_1_230' title='bbox 1745 2693 1882 2739; x_wconf 90' lang='lat' dir='ltr'><strong>cum</strong></span> <span class='ocrx_word' id='word_1_231' title='bbox 1912 2677 2157 2753; x_wconf 88' lang='lat' dir='ltr'><strong>superis</strong></span> <span class='ocrx_word' id='word_1_232' title='bbox 2188 2678 2316 2739; x_wconf 83' lang='lat' dir='ltr'><strong>bel-</strong></span> 
     </span>
     <span class='ocr_line' id='line_1_31' title="bbox 348 2758 2317 2838; baseline 0.003 -21"><span class='ocrx_word' id='word_1_233' title='bbox 348 2760 474 2819; x_wconf 82' lang='lat' dir='ltr'><strong>lum</strong></span> <span class='ocrx_word' id='word_1_234' title='bbox 524 2758 821 2820; x_wconf 76' lang='lat' dir='ltr'><strong>nefarium</strong></span> <span class='ocrx_word' id='word_1_235' title='bbox 869 2759 1149 2833; x_wconf 82' lang='lat' dir='ltr'><strong>gesserit.</strong></span> <span class='ocrx_word' id='word_1_236' title='bbox 1222 2760 1426 2819; x_wconf 89' lang='lat' dir='ltr'><strong>omnia</strong></span> <span class='ocrx_word' id='word_1_237' title='bbox 1471 2762 1758 2835; x_wconf 87' lang='lat' dir='ltr'><strong>sepulcra</strong></span> <span class='ocrx_word' id='word_1_238' title='bbox 1795 2769 2317 2838; x_wconf 86' lang='lat' dir='ltr'><strong>monumentaque</strong></span> 
     </span>
     <span class='ocr_line' id='line_1_32' title="bbox 351 2842 2315 2920; baseline 0.003 -19"><span class='ocrx_word' id='word_1_239' title='bbox 351 2842 550 2903; x_wconf 89' lang='lat' dir='ltr'><strong>diruta</strong></span> <span class='ocrx_word' id='word_1_240' title='bbox 579 2856 724 2903; x_wconf 87' lang='lat' dir='ltr'><strong>esse</strong></span> <span class='ocrx_word' id='word_1_241' title='bbox 751 2844 813 2902; x_wconf 91' lang='lat' dir='ltr'><strong>in</strong></span> <span class='ocrx_word' id='word_1_242' title='bbox 842 2842 1068 2903; x_wconf 88' lang='lat' dir='ltr'><strong>finibus</strong></span> <span class='ocrx_word' id='word_1_243' title='bbox 1102 2844 1231 2904; x_wconf 85' lang='lat' dir='ltr'><strong>suis</strong></span> <span class='ocrx_word' id='word_1_244' title='bbox 1250 2889 1265 2916; x_wconf 92' lang='lat'>,</span> <span class='ocrx_word' id='word_1_245' title='bbox 1314 2844 1581 2907; x_wconf 86' lang='lat' dir='ltr'><strong>omnium</strong></span> <span class='ocrx_word' id='word_1_246' title='bbox 1611 2845 1874 2906; x_wconf 87' lang='lat' dir='ltr'><strong>nudatos</strong></span> <span class='ocrx_word' id='word_1_247' title='bbox 1900 2844 2147 2920; x_wconf 82' lang='lat' dir='ltr'><strong>ManeS,</strong></span> <span class='ocrx_word' id='word_1_248' title='bbox 2180 2846 2315 2906; x_wconf 88' lang='lat' dir='ltr'><strong>nul·</strong></span> 
     </span>
     <span class='ocr_line' id='line_1_33' title="bbox 347 2925 2317 3005; baseline 0.002 -20"><span class='ocrx_word' id='word_1_249' title='bbox 347 2925 469 2986; x_wconf 91' lang='lat' dir='ltr'><strong>lius</strong></span> <span class='ocrx_word' id='word_1_250' title='bbox 511 2941 661 2986; x_wconf 90' lang='lat' dir='ltr'><strong>ossa</strong></span> <span class='ocrx_word' id='word_1_251' title='bbox 701 2932 864 2987; x_wconf 90' lang='lat' dir='ltr'><strong>terra</strong></span> <span class='ocrx_word' id='word_1_252' title='bbox 897 2926 1039 3001; x_wconf 84' lang='lat' dir='ltr'><strong>tegi.</strong></span> <span class='ocrx_word' id='word_1_253' title='bbox 1109 2927 1368 2988; x_wconf 89' lang='lat' dir='ltr'><strong>delubra</strong></span> <span class='ocrx_word' id='word_1_254' title='bbox 1395 2926 1513 2988; x_wconf 91' lang='lat' dir='ltr'><strong>sibi</strong></span> <span class='ocrx_word' id='word_1_255' title='bbox 1542 2927 1767 3002; x_wconf 79' lang='lat' dir='ltr'><strong>fuisse,</strong></span> <span class='ocrx_word' id='word_1_256' title='bbox 1812 2944 1971 3005; x_wconf 90' lang='lat' dir='ltr'><strong>quae</strong></span> <span class='ocrx_word' id='word_1_257' title='bbox 2002 2929 2317 3004; x_wconf 89' lang='lat' dir='ltr'><strong>quondam</strong></span> 
     </span>
     <span class='ocr_line' id='line_1_34' title="bbox 349 3009 2315 3088; baseline 0.001 -17"><span class='ocrx_word' id='word_1_258' title='bbox 349 3009 620 3085; x_wconf 83' lang='lat' dir='ltr'><strong>pagatim</strong></span> <span class='ocrx_word' id='word_1_259' title='bbox 648 3009 992 3071; x_wconf 89' lang='lat' dir='ltr'><strong>habitantes</strong></span> <span class='ocrx_word' id='word_1_260' title='bbox 1022 3011 1082 3070; x_wconf 92' lang='lat' dir='ltr'><strong>in</strong></span> <span class='ocrx_word' id='word_1_261' title='bbox 1113 3009 1325 3086; x_wconf 87' lang='lat' dir='ltr'><strong>parvis</strong></span> <span class='ocrx_word' id='word_1_262' title='bbox 1354 3012 1473 3072; x_wconf 89' lang='lat' dir='ltr'><strong>illis</strong></span> <span class='ocrx_word' id='word_1_263' title='bbox 1500 3012 1768 3073; x_wconf 89' lang='lat' dir='ltr'><strong>castellis</strong></span> <span class='ocrx_word' id='word_1_264' title='bbox 1790 3013 2072 3088; x_wconf 86' lang='lat' dir='ltr'><strong>vicisque</strong></span> <span class='ocrx_word' id='word_1_265' title='bbox 2092 3028 2315 3074; x_wconf 87' lang='lat' dir='ltr'><strong>conse-</strong></span> 
     </span>
     <span class='ocr_line' id='line_1_35' title="bbox 349 3094 2315 3170; baseline 0.001 -15"><span class='ocrx_word' id='word_1_266' title='bbox 349 3101 520 3155; x_wconf 88' lang='lat' dir='ltr'><strong>crata</strong></span> <span class='ocrx_word' id='word_1_267' title='bbox 560 3109 639 3154; x_wconf 89' lang='lat' dir='ltr'><strong>ne</strong></span> <span class='ocrx_word' id='word_1_268' title='bbox 679 3095 740 3154; x_wconf 92' lang='lat' dir='ltr'><strong>in</strong></span> <span class='ocrx_word' id='word_1_269' title='bbox 782 3109 967 3154; x_wconf 90' lang='lat' dir='ltr'><strong>unam</strong></span> <span class='ocrx_word' id='word_1_270' title='bbox 1008 3095 1222 3155; x_wconf 88' lang='lat' dir='ltr'><strong>urbem</strong></span> <span class='ocrx_word' id='word_1_271' title='bbox 1266 3094 1515 3170; x_wconf 91' lang='lat' dir='ltr'><strong>quidem</strong></span> <span class='ocrx_word' id='word_1_272' title='bbox 1556 3096 1881 3157; x_wconf 89' lang='lat' dir='ltr'><strong>contributi</strong></span> <span class='ocrx_word' id='word_1_273' title='bbox 1924 3097 2189 3157; x_wconf 86' lang='lat' dir='ltr'><strong>maiores</strong></span> <span class='ocrx_word' id='word_1_274' title='bbox 2218 3098 2315 3157; x_wconf 88' lang='lat' dir='ltr'><strong>sui</strong></span> 
     </span>
     <span class='ocr_line' id='line_1_36' title="bbox 346 3178 2317 3255; baseline 0.002 -17"><span class='ocrx_word' id='word_1_275' title='bbox 346 3178 595 3238; x_wconf 88' lang='lat' dir='ltr'><strong>deserta</strong></span> <span class='ocrx_word' id='word_1_276' title='bbox 632 3180 1007 3254; x_wconf 88' lang='lat' dir='ltr'><strong>reliquerint.</strong></span> <span class='ocrx_word' id='word_1_277' title='bbox 1070 3178 1234 3239; x_wconf 87' lang='lat' dir='ltr'><strong>eirca</strong></span> <span class='ocrx_word' id='word_1_278' title='bbox 1261 3194 1339 3239; x_wconf 88' lang='lat' dir='ltr'><strong>ea</strong></span> <span class='ocrx_word' id='word_1_279' title='bbox 1366 3178 1570 3239; x_wconf 88' lang='lat' dir='ltr'><strong>omnia</strong></span> <span class='ocrx_word' id='word_1_280' title='bbox 1595 3180 1821 3255; x_wconf 88' lang='lat' dir='ltr'><strong>templa</strong></span> <span class='ocrx_word' id='word_1_281' title='bbox 1847 3179 2196 3255; x_wconf 90' lang='lat' dir='ltr'><strong>Philippum</strong></span> <span class='ocrx_word' id='word_1_282' title='bbox 2226 3181 2317 3241; x_wconf 88' lang='lat' dir='ltr'><strong>in-</strong></span> 
     </span>
     <span class='ocr_line' id='line_1_37' title="bbox 347 3262 2319 3338; baseline 0.002 -18"><span class='ocrx_word' id='word_1_283' title='bbox 347 3262 543 3322; x_wconf 78' lang='lat' dir='ltr'><strong>festos</strong></span> <span class='ocrx_word' id='word_1_284' title='bbox 587 3263 1028 3324; x_wconf 88' lang='lat' dir='ltr'><strong>circumtulisse</strong></span> <span class='ocrx_word' id='word_1_285' title='bbox 1069 3262 1276 3338; x_wconf 84' lang='lat' dir='ltr'><strong>ignes;</strong></span> <span class='ocrx_word' id='word_1_286' title='bbox 1343 3270 1617 3324; x_wconf 86' lang='lat' dir='ltr'><strong>semusta</strong></span> <span class='ocrx_word' id='word_1_287' title='bbox 1668 3270 1949 3324; x_wconf 88' lang='lat' dir='ltr'><strong>truncata</strong></span> <span class='ocrx_word' id='word_1_288' title='bbox 1988 3264 2319 3325; x_wconf 88' lang='lat' dir='ltr'><strong>simulacra</strong></span> 
     </span>
     <span class='ocr_line' id='line_1_38' title="bbox 346 3343 2317 3424; baseline 0.003 -21"><span class='ocrx_word' id='word_1_289' title='bbox 346 3343 534 3405; x_wconf 87' lang='lat' dir='ltr'><strong>deum</strong></span> <span class='ocrx_word' id='word_1_290' title='bbox 571 3344 730 3405; x_wconf 88' lang='lat' dir='ltr'><strong>inter</strong></span> <span class='ocrx_word' id='word_1_291' title='bbox 772 3354 1114 3422; x_wconf 85' lang='lat' dir='ltr'><strong>prostratos</strong></span> <span class='ocrx_word' id='word_1_292' title='bbox 1150 3347 1355 3409; x_wconf 87' lang='lat' dir='ltr'><strong>iacere</strong></span> <span class='ocrx_word' id='word_1_293' title='bbox 1385 3352 1599 3421; x_wconf 86' lang='lat' dir='ltr'><strong>postes</strong></span> <span class='ocrx_word' id='word_1_294' title='bbox 1628 3348 2015 3424; x_wconf 87' lang='lat' dir='ltr'><strong>templorum.</strong></span> <span class='ocrx_word' id='word_1_295' title='bbox 2069 3350 2317 3423; x_wconf 87' lang='lat' dir='ltr'><strong>qualem</strong></span> 
     </span>
     <span class='ocr_line' id='line_1_39' title="bbox 347 3428 2317 3507; baseline 0.002 -20"><span class='ocrx_word' id='word_1_296' title='bbox 347 3440 572 3488; x_wconf 75' lang='lat' dir='ltr'><strong>terram</strong></span> <span class='ocrx_word' id='word_1_297' title='bbox 599 3428 864 3489; x_wconf 85' lang='lat' dir='ltr'><strong>Atticam</strong></span> <span class='ocrx_word' id='word_1_298' title='bbox 903 3430 1142 3504; x_wconf 82' lang='lat' dir='ltr'><strong>fecerit,</strong></span> <span class='ocrx_word' id='word_1_299' title='bbox 1185 3437 1545 3491; x_wconf 85' lang='lat' dir='ltr'><strong>exornatam</strong></span> <span class='ocrx_word' id='word_1_300' title='bbox 1589 3432 1901 3507; x_wconf 89' lang='lat' dir='ltr'><strong>quondam</strong></span> <span class='ocrx_word' id='word_1_301' title='bbox 1932 3433 2317 3506; x_wconf 87' lang='lat' dir='ltr'><strong>opulentam·</strong></span> 
     </span>
    </p>
   </div>
   <div class='ocr_carea' id='block_1_3' title="bbox 2531 1589 2535 2177">
    <p class='ocr_par' dir='ltr' id='par_1_4' title="bbox 2531 1589 2535 2177">
     <span class='ocr_line' id='line_1_40' title="bbox 2531 1589 2535 2177; baseline 0 0"><span class='ocrx_word' id='word_1_302' title='bbox 2531 1589 2535 2177; x_wconf 95' lang='lat' dir='ltr'><strong> </strong></span> 
     </span>
    </p>
   </div>
  </div>
 </body>
</html>
