2548 3950
584 148 813 208 LIBER
844 149 1605 212 XXXV111.·CAP.11.12.
1653 159 1725 226 [a.
1754 157 1966 224 0189]
2066 150 2220 215 327·

186 307 420 376 ferto,
450 302 803 378 bellumque
830 301 1059 377 pariter
1087 301 1302 376 gerito.
1361 304 1652 378 perfugas
1683 304 1972 378 fugitivos
2004 307 2190 380 capti-

185 403 345 448 vos
374 385 615 447 reddito
646 385 1302 460 Romanis-sociisque,
1332 392 1763 463 praeterquam
1794 387 1848 448 si
1877 388 1983 463 qui
2013 389 2192 462 capti,

189 487 371 532 cum
410 470 631 531 domos
670 468 1008 541 redissent,
1058 469 1276 529 iterum
1317 469 1479 544 capti
1521 478 1690 545 sunt,
1739 476 1846 530 aut
1883 471 1940 531 si
1981 471 2088 547 qui
2117 487 2192 532 eo
2305 469 2310 475 '

194 563 509 630 tempore
548 567 628 612 ex
667 553 743 612 iis
779 553 941 627 capti
968 560 1115 614 sunt
1144 551 1249 628 qui
1279 559 1406 612 tum
1435 552 1649 615 hostes
1679 562 1852 615 erant
1879 555 2192 628 RomaniS,

195 655 370 698 cum
410 636 568 696 intra
607 635 919 711 praesidia
944 637 1225 697 Romana
1250 637 1450 700 Aetoli
1493 644 1721 697 essent.
1788 639 2045 699 aliorum
2089 644 2193 715 qui

204 719 702 796 comparebunt,
741 718 899 784 intra
926 719 1073 778 dies'
1093 725 1334 780 centum
1363 721 1848 800 Corcyraeorum
1878 722 2194 796 mag-istra-

203 804 395 865 tibus
446 803 581 864 sine
621 803 766 864 dolo
808 803 985 864 malo*
1010 804 1360 873 tradantur3
1425 804 1532 880 qui
1571 819 1695 866 non
1737 805 2194 880 comparebunt,

211 889 481 962 quando
526 885 799 964 quisque
838 890 1050 949 eorum
1094 887 1354 961 primum
1391 887 1674 948 inventus
1703 889 1844 962 erit,
1882 889 2192 950 reddatur.

206 971 487 1033 obsides
531 969 935 1047 quadraginta
972 969 1267 1031 arbitratu
1307 970 1580 1032 consulis
1607 971 1868 1033 Romani
1896 973 2070 1046 dato,
2117 989 2196 1032 ne

211 1055 500 1116 minores
558 1053 887 1115 duodecim
942 1070 1241 1116 annorum
1288 1070 1412 1117 neu
1458 1055 1723 1116 maiores
1777 1055 2196 1132 quadraginta.

212 1139 423 1199 obses
448 1153 527 1197 ne
552 1144 685 1198 esto
710 1145 971 1212 praetor,
985 1139 1336 1214 praefectus
1358 1137 1868 1213 equitum,>scriba
1891 1139 2194 1214 publicus,

220 1220 529 1298 neu-quis
557 1221 665 1295 qui
693 1226 833 1280 ante
858 1221 1049 1282 'obses
1079 1223 1194 1282 fuit
1220 1223 1386 1296 apud
1415 1222 1748 1284 Romanos.
1805 1221 2198 1298 Cephallenia

218 1312 411 1366 extra
454 1303 627 1380 pacis
655 1305 827 1378 leges
858 1309 1055 1364 esto.“
1125 1305 1205 1366 de
1231 1306 1534 1380 pecuniae
1563 1323 1804 1366 summa
1833 1322 2016 1380 quam
2046 1322 2195 1381 pen-

222 1389 451 1450 derent
490 1385 1025 1463 pensionibusque
1052 1387 1187 1448 eius
1229 1387 1378 1448 nihil
1417 1402 1497 1448 ex
1537 1404 1616 1448 eo
1657 1388 1824 1464 quod
1870 1403 2008 1448 cum
2047 1404 2182 1448 con-

224 1475 371 1534 sule
422 1478 799 1533 convenerat
842 1477 1153 1532 mutatum.
1226 1488 1342 1546 pro
1393 1479 1644 1545 argento
1693 1473 1751 1532 si
1785 1487 2002 1534 aurum
2035 1472 2199 1534 dare

226 1556 498 1628 mallent,
528 1556 746 1615 darent
768 1552 1072 1628 convenit,
1102 1555 1247 1616 dum
1268 1570 1384 1630 pro
1409 1555 1712 1629 argenteis
1736 1556 1948 1616 decem
1971 1571 2198 1617 aureus

227 1655 398 1700 unus
438 1639 689 1702 valeret.
760 1651 963 1713 „quae
990 1638 1195 1713 urbes,
1234 1639 1338 1712 qui
1367 1639 1524 1713 agri,
1572 1639 1676 1715 qui
1703 1639 1982 1701 homines
2011 1642 2199 1702 Aeto-

230 1725 433 1784 lorum
461 1722 613 1784 iuris
640 1721 972 1796 aliquando
1004 1722 1263 1797 fuerunt,
1307 1721 1412 1797 qui
1441 1737 1654 1784 eorum
1682 1722 2059 1796 'IX-Quinctio
2092 1725 2197 1784 Cn.

230 1805 497 1870 Domitio
542 1803 901 1867 consulibus
944 1813 1167 1881 postve
1206 1821 1318 1868 eos
1365 1805 1654 1867 consules
1695 1813 1799 1866 aut
1839 1808 2024 1867 armis
2055 1807 2198 1868 sub-

233 1891 351 1951 acti
392 1895 495 1950 aut
536 1891 845 1950 voluntate
886 1888 955 1962 in,
990 1888 1296 1951 dicionem
1337 1891 1552 1965 populi
1583 1889 1846 1950 Romani
1884 1899 2199 1964 venerunt,

114 2008 121 2011 -
234 1990 314 2035 ne
356 1990 539 2050 quem
577 1990 789 2035 eorum
827 1971 1033 2034 Aetoli
1072 1973 1396 2049 recepisse
1430 1973 1637 2033 velint.
1706 1971 2018 2034 Oeniadae
2060 1990 2196 2035 cum

238 2058 390 2120 urbe
439 2057 731 2133 agrisque
772 2059 1175 2117 'Acarnanum
1223 2061 1470 2118 sunto.“
1540 2056 1635 2117 his
1685 2056 1924 2131 leg-ibus
1973 2058 2196 2119 foedus

232 2144 420 2211 ictum
454 2157 593 2202 cum
622 2140 859 2203 Aetolis
887 2148 1002 2201 est.
2139 2150 2142 2157 ·

350 2274 357 2277 .
393 2224 532 2285 XII.
585 2225 819 2285 Eadem
868 2240 993 2284 non
1041 2230 1274 2284 aestate
1323 2226 1552 2297 solum,
1604 2225 1718 2284 sed
1761 2226 1942 2285 etiam
1981 2224 2199 2301 iisdem

238 2325 438 2386 prope
466 2308 703 2383 diebuS,
736 2308 961 2384 quibus
988 2307 1145 2368 haee
1173 2323 1213 2367 a
1236 2306 1319 2367 M.
1343 2306 1560 2369 Fulvio
1591 2309 1934 2368 consulein
1962 2308 2204 2369 Aetolia

237 2400 415 2468 gesta
456 2399 630 2466 sunt,
668 2393 888 2453 consul
930 2391 1079 2453 alter
1108 2390 1215 2451 Cn.
1232 2390 1506 2452 Manlius
1535 2392 1594 2450 in
1627 2390 2058 2467 Gallograecia
2073 2390 2202 2451 bel·

242 2481 365 2538 lum
390 2475 612 2550 gessit,
661 2474 832 2551 quod
860 2490 1023 2535 nunc
1052 2472 1241 2535 ordiri
1270 2489 1540 2550 pergam.
1600 2490 1747 2535 vere
1775 2476 1972 2551 primo
1993 2473 2202 2549 Ephe-

247 2576 378 2621 sum
420 2560 639 2619 consul
678 2556 875 2633 venit,
918 2556 1322 2633 acceptisque
1365 2557 1563 2633 copiis
1606 2559 1683 2620 ab
1711 2559 1779 2617 L.
1811 2556 2106 2633 Scipione
2147 2566 2207 2617 et

242 2641 515 2705 exercitu
542 2642 798 2704 lustrato
832 2641 1179 2703 contionem
1206 2641 1376 2717 apud
1401 2641 1622 2702 milites
1649 2642 1890 2717 habuit,
1909 2658 2052 2720 qua
2079 2643 2204 2703 col·

244 2727 488 2790 laudata
515 2728 739 2788 virtute
781 2741 1025 2799 eorum,
1070 2725 1241 2800 quod
1283 2740 1422 2787 cum
1448 2726 1754 2787 Antiocho
1796 2742 1920 2789 uno
1967 2726 2202 2802 proelio

247 2811 675 2883 debellassent,
718 2810 1077 2872 adhortatus
1108 2822 1219 2870 eos
1248 2810 1330 2870 ad
1359 2825 1588 2871 novum
1618 2826 1757 2871 cum
1787 2810 1976 2871 Gallis
2007 2812 2206 2870 susci-

252 2895 533 2971 piendum
572 2894 828 2967 bellum,
872 2891 979 2969 qui
1016 2899 1081 2952 et
1107 2893 1352 2954 auxiliis
1381 2893 1684 2955 iuvissent
1707 2894 2105 2965 Antiochum,
2149 2899 2210 2951 et

252 2977 401 3037 adeo
431 2978 725 3038 indomita
751 2976 1049 3038 haberent
1073 2976 1338 3051 ingenia,
1367 2983 1438 3037 ut
1461 2976 1840 3052 nequiquam
1859 2974 2206 3038 Antiochus

254 3066 482 3121 emotus
523 3062 683 3120 ultra
721 3058 867 3133 iuga
892 3058 1075 3123 Tauri
1116 3060 1342 3119 montis
1383 3066 1582 3134 esset,
1623 3057 1745 3119 nisi
1785 3060 2210 3135 frangerentur

253 3158 402 3219 opes
433 3142 771 3211 Gallorum
798 3142 896 3202 'de
938 3157 1011 3203 se
1053 3155 1306 3217 quoque
1338 3157 1576 3217 pauca,
1619 3156 1734 3203 nec
1773 3144 1931 3203 falsa
1956 3157 2074 3203 nec
2099 3142 2208 3201 im-

254 3226 505 3300 modica,
534 3224 775 3287 adiecit.
834 3226 976 3286 laeti
1004 3224 1225 3298 milites
1256 3240 1399 3285 cum
1427 3226 1730 3303 frequenti
1759 3227 2034 3289 adsensu
2061 3240 2208 3287 eon-

212 3308 224 3317 '
258 3312 441 3373 sulem
480 3309 874 3383 audiverunt,
919 3316 1153 3385 partem
1189 3306 1737 3371 virium-Antiochi
1775 3310 1971 3371 fuisse
2001 3309 2210 3371 Gallos

254 3395 595 3467 credentes,
638 3408 785 3469 rege
828 3399 1118 3469 superato
1162 3394 1396 3454 nullum
1424 3399 1792 3474 momentum
1823 3392 1885 3455 in
1915 3393 2068 3455 solis
2101 3410 2210 3470 per
