2548 3950
331 299 413 363 70
617 301 846 362 LIBER
873 301 1107 360 XXXII.
1153 301 1320 360 CAP.
1350 309 1437 362 25.
1467 308 1553 362 26.
1599 302 1670 378 [a.
1696 306 1836 358 uc.
1862 307 1984 372 554]

499 451 685 512 XXV.
733 451 1008 511 Ceterum
1061 451 1328 511 adventu
1369 448 1427 509 in
1470 451 1765 510 Achaiam
1806 449 2093 512 Philoclis
2137 451 2291 528 regii

331 536 625 608 praerecti
677 550 798 593 non
843 535 1164 594 Corinthus
1203 540 1432 593 tantum
1473 534 1727 594 liberata
1768 535 2123 609 obsidione,
2174 537 2291 596 sed

331 618 699 692 Argivorum
731 633 978 693 quoque
1009 618 1222 677 civitas
1245 633 1357 692 per
1378 617 1681 692 quosdam
1706 618 2016 692 principes
2036 617 2289 680 Philocli

332 702 576 774 prodita
605 708 702 762 est
727 700 1032 775 temptatis
1061 703 1234 776 prius
1265 702 1483 761 animis
1511 700 1730 776 plebis.
1774 717 1911 761 mos
1942 710 2072 763 erat
2101 702 2290 763 comi·

330 783 552 845 tiorum
593 787 693 846 die
731 785 929 858 primo
971 787 1140 846 velut
1178 786 1397 846 ominis
1439 801 1629 845 causa
1666 793 1987 859 praetores
2018 801 2292 861 pronun·

331 868 482 928 tiare
512 870 718 930 Iovem
743 868 1213 944 Apollinemque
1241 873 1303 928 et
1321 869 1663 929 Herculem.
1706 867 1979 928 additum
2002 870 2121 944 legi
2142 878 2289 944 erat,

330 952 521 1013 uthis
545 952 861 1027 Philippus
889 967 1000 1012 rex
1031 953 1395 1015 adiceretur.
1436 954 1608 1013 cuius
1637 968 1859 1013 nomen
1885 961 2030 1028 post
2050 960 2291 1028 pactam

335 1048 472 1095 cum
493 1037 784 1097 Romanis
807 1036 1160 1096 societatem
1187 1037 1331 1111 quia
1354 1052 1580 1110 praeco
1603 1052 1726 1096 non
1751 1036 1988 1112 adiecit,
2015 1035 2291 1098 fremitus

332 1120 530 1194 primo
566 1118 962 1180 multitudiuis
986 1126 1176 1192 ortus,
1209 1119 1432 1178 deinde
1455 1121 1684 1181 clamor
1706 1119 2130 1180 subicientium
2150 1119 2291 1179 Phi-

332 1203 484 1278 lippi
523 1218 746 1263 nomen
789 1201 1246 1278 iubentiumque
1285 1203 1614 1278 legitimum
1643 1204 1943 1264 honorem
1969 1219 2292 1278 usurpare,

335 1287 537 1347 donec
577 1303 716 1347 cum
758 1285 991 1363 ingenti
1028 1287 1299 1346 adsensu
1331 1303 1553 1347 nomen
1582 1287 1898 1347 recitatum
1929 1295 2042 1346 est.
2107 1287 2291 1347 huius

333 1370 560 1430 fiducia
600 1371 831 1432 favoris
858 1369 1161 1430 Philocles
1204 1371 1542 1432 arcessitus
1572 1379 1751 1431 nocte
1782 1378 2044 1446 occupat
2073 1372 2291 1432 collem
2354 1379 2360 1386 '

334 1453 739 1514 imminentem
767 1454 903 1514 urbi
932 1488 1004 1499 —
1029 1454 1300 1514 Larisam
1338 1471 1470 1514 eam
1500 1470 1704 1515 arcem
1731 1461 1958 1516 vocant
1976 1487 2093 1529 —-,
2123 1454 2279 1530 posi-

335 1546 524 1612 toque
564 1537 647 1596 ibi
688 1539 998 1612 praesidio
1032 1554 1167 1598 cum
1197 1539 1355 1598 lucis
1386 1537 1687 1614 principio
1721 1537 1915 1612 signis
1943 1538 2183 1598 infestis
2213 1553 2293 1597 ao

336 1621 676 1681 subiectum
706 1623 832 1681 arci
861 1623 1060 1680 forum
1087 1622 1359 1696 vaderet,
1402 1623 1697 1683 instructa
1726 1621 1891 1682 acies
1919 1637 2000 1682 ex
2026 1623 2294 1683 adverso

337 1705 621 1765 occurrit.
693 1704 1068 1778 praesidium
1107 1713 1236 1764 erat
1263 1706 1653 1766 Achaeorum
1696 1721 1894 1780 nuper
1922 1706 2293 1780 impositum,

338 1788 647 1865 quingenti
687 1789 817 1848 fere
845 1788 1098 1848 iuvenes
1130 1789 1347 1847 delecti
1379 1791 1646 1849 omnium
1676 1789 2026 1850 civitatium.
2090 1791 2295 1850 Aene-

337 1872 610 1933 sidemus
651 1873 966 1950 Dymaeus
1013 1879 1313 1947 praeerat.
1385 1873 1461 1932 ad
1505 1873 1630 1932 hos·
1665 1879 1872 1933 orator
1911 1889 1950 1932 a
1983 1873 2297 1948 praefecto

335 1956 505 2032 regio
556 1957 815 2031 missuS,
870 1957 973 2032 qui
1026 1955 1329 2017 excedere
1371 1956 1521 2018 urbe
1564 1955 1826 2017 iuberet=
1891 1971 2093 2032 neque
2134 1955 2299 2017 enim

335 2055 520 2117 pares
552 2056 663 2102 eos
690 2040 1017 2116 oppidanis
1043 2041 1213 2114 solis,
1247 2040 1352 2116 qui
1375 2040 1535 2101 idem
1562 2041 1730 2116 quod
1750 2040 2126 2101 Macedones
2157 2054 2273 2099 sen

337 2126 545 2200 tirent,
587 2125 812 2185 nedum
854 2124 1157 2184 adiunctis
1185 2124 1626 2185 Macedonibus
1658 2140 1830 2200 esse,
1876 2140 2037 2199 quos
2065 2138 2145 2183 ne
2171 2124 2297 2184 Ro-

335 2209 499 2268 mani
531 2209 779 2284 quidem
807 2208 889 2267 ad
912 2208 1262 2269 Corinthum
1292 2209 1743 2282 sustinuissent,
1782 2208 1975 2283 primo
2003 2206 2151 2267 nihil
2181 2222 2300 2266 nec

338 2294 554 2354 ducem
597 2308 712 2353 nec
752 2293 930 2367 ipsos
967 2293 1206 2362 movit3.
1231 2300 1376 2367 post
1402 2294 1619 2367 paulo,
1655 2299 1722 2352 ut
1750 2291 2013 2367 Argivos
2044 2306 2299 2366 quoque

337 2384 602 2437 armatos
633 2393 709 2435 ex
739 2384 912 2452 parte
939 2377 1129 2437 altera
1158 2377 1456 2437 venientis
1485 2392 1706 2450 magno
1730 2374 1971 2449 agmine
1988 2373 2295 2447 viderunt,

338 2468 563 2520 certam
595 2460 922 2535 perniciem
951 2468 1288 2533 cernentes,
1320 2476 1561 2520 omnem
1593 2466 1791 2520 tamen
1824 2474 2050 2531 casum,
2082 2457 2136 2517 si
2159 2472 2285 2533 per-

337 2543 596 2603 tinacior
635 2543 764 2602 dux
794 2541 1044 2616 fuisset,
1089 2543 1453 2603 videbantur
1482 2542 1762 2604 subituri.
1826 2542 2305 2625 AenesidemuS,

339 2640 417 2685 ne
444 2622 564 2686 fios
586 2624 975 2686 Achaeorum
1004 2626 1332 2687 iuventutis
1361 2627 1539 2687 simul
1569 2643 1707 2687 cum
1736 2624 1886 2686 urbe
1911 2626 2300 2697 amitteretur,

339 2716 558 2785 pactus
591 2724 628 2767 a
654 2707 943 2781 Philocle,
985 2718 1054 2770 ut
1083 2710 1251 2771 abire
1280 2711 1399 2770 illis
1427 2712 1653 2784 liceret,
1684 2712 1822 2785 ipse
1852 2726 1975 2785 quo
2006 2709 2145 2770 loco
2175 2716 2299 2769 ste·

337 2800 494 2853 terat
522 2798 810 2864 armatuS‚
844 2808 981 2854 cum
1011 2793 1225 2869 paucis
1249 2794 1570 2854 clientibus
1593 2810 1713 2855 non
1739 2794 2027 2853 excessit.
2069 2792 2300 2852 missus

343 2892 379 2935 a
405 2875 673 2935 Philocle
705 2876 809 2949 qui
840 2882 1191 2951 quaereret,
1236 2878 1382 2953 quid
1414 2878 1530 2938 sibi
1560 2879 1760 2937 vellet.
1803 2876 1951 2936 nihil
1980 2882 2140 2937 statu
2167 2891 2287 2935 mo-

341 2968 458 3033 tuS,
491 2975 626 3019 cum
659 2959 931 3033 proiecto
963 2976 1113 3035 prae
1145 2976 1214 3021 se
1246 2961 1445 3037 clipeo
1476 2968 1691 3035 staret,
1734 2961 1796 3020 in
1825 2958 2138 3036 praesidio
2168 2974 2280 3019 cre

344 3045 503 3103 ditae
542 3043 712 3104 urbis
756 3043 1113 3105 moriturum
1147 3060 1219 3103 se
1247 3051 1541 3105 armatum
1568 3044 1905 3120 respondit.
1970 3052 2095 3105 tum
2124 3043 2295 3104 iussu

343 3128 635 3202 praefecti
677 3144 715 3187 a
742 3127 1079 3189 Thracibus
1120 3129 1399 3189 coniecta
1436 3130 1557 3189 tela
1598 3129 2021 3203 interfectique
2065 3141 2299 3187 omnes.

343 3220 403 3271 et
433 3221 574 3286 post
597 3218 836 3285 pactam
861 3212 1017 3271 inter
1037 3210 1326 3273 Achaeos
1350 3219 1410 3272 et
1430 3212 1742 3273 Romanos
1764 3212 2117 3272 societatem
2140 3210 2301 3269 duae

341 3293 760 3355 nobilissimae
788 3296 1007 3370 urbes,
1048 3296 1197 3370 Argi
1225 3302 1287 3355 et
1316 3295 1667 3370 Corinthus,
1708 3298 1767 3356 in
1799 3301 2102 3371 potestate
2131 3293 2297 3368 regis

341 3385 532 3438 erant.
596 3376 752 3437 haec
795 3394 868 3435 ea
896 3384 1128 3438 aestate
1167 3379 1246 3438 ab
1271 3379 1567 3439 Romanis
1597 3379 1658 3440 in
1688 3378 1943 3440 Graecia
1983 3387 2145 3438 terra
2174 3392 2292 3436 ma·

339 3459 517 3534 rique
544 3466 740 3533 gesta.

508 3542 722 3603 XXVI.
765 3543 832 3601 In
855 3544 1044 3603 Gallia
1074 3543 1220 3603 nihil
1249 3560 1401 3604 sane
1428 3547 1820 3607 memorabile
1851 3546 1927 3606 ab
1949 3544 2097 3607 Sex.
2120 3544 2302 3605 Aeno
