2548 3950
402 251 527 316 162
625 251 857 312 LIBER
875 251 1145 312 XXXIV.
1190 250 1356 310 CAP.
1379 258 1468 312 44.
1491 259 1580 312 45.
1605 257 1694 312 46.
1743 256 1814 324 [a.
1841 253 1911 310 U.
1935 273 1985 309 c.
2007 257 2141 324 558]

404 407 589 465 ullum
622 403 900 464 ordinem
928 405 1245 464 saevitum.
1291 401 1508 462 atrium
1527 400 1847 461 Libertatis
1871 407 1933 461 et
1953 402 2102 462 villa
2124 403 2365 478 publica

402 488 480 548 ab
510 487 710 548 isdem
737 489 970 548 refecta
1000 486 1512 562 amplificataque.

566 573 698 631 Ver
739 587 984 632 sacrum
1025 570 1282 646 ludique
1322 570 1539 643 votivi,
1587 585 1749 645 quos
1788 577 2042 630 voverat
2065 569 2134 628 P.
2169 569 2362 646 Sulpi·

404 658 535 719 cius
568 653 760 718 Galba
788 657 1023 727 consul,
1067 655 1225 714 facti.
1287 669 1421 713 cum
1455 655 1809 729 spectaculo
1840 669 2056 714 eorum
2086 654 2360 730 occupati

402 740 583 801 animi
616 738 930 800 hominum
957 745 1184 812 essent,
1214 738 1283 812 Q.
1306 736 1654 810 PleminiuS,
1687 737 1793 812 qui
1822 745 2081 813 propter
2101 740 2286 798 multa
2309 738 2360 795 in

402 825 559 886 deos
583 822 990 898 hominesque
1010 822 1249 883 scelera
1267 821 1484 882 Locris
1507 819 1781 880 admissa
1802 822 1862 881 in
1885 835 2202 883 carcerem
2229 837 2357 882 con·

401 909 597 969 iectus
627 906 853 981 fuerat,
900 913 1365 981 comparaverat
1393 904 1705 979 homines,
1749 905 1854 980 qui
1882 905 2163 980 pluribus
2195 906 2358 964 simul

401 991 555 1053 locis
591 991 763 1051 urbis
791 996 971 1052 nocte
998 990 1283 1051 incendia
1309 991 1610 1062 facerent,
1653 995 1720 1049 ut
1748 989 1807 1047 in
1839 995 2238 1050 consternata
2263 1005 2358 1047 no-

405 1083 619 1137 cturno
665 1076 923 1134 tumultu
962 1073 1208 1134 civitate
1235 1073 1484 1146 refringi
1515 1087 1727 1133 carcer
1755 1078 1988 1147 posset.
2047 1087 2126 1132 ea
2152 1087 2254 1132 res
2281 1073 2356 1131 in-

406 1158 567 1218 dicio
612 1158 999 1218 consciorum
1042 1159 1241 1231 palam
1286 1158 1445 1216 sacta
1474 1155 1798 1232 delataque
1833 1154 1915 1216 ad
1945 1162 2230 1217 senatum
2257 1163 2359 1216 est.

404 1239 735 1302 Pleminius
756 1241 818 1300 in
842 1241 1193 1300 inferiorem
1206 1240 1518 1300 demissus
1530 1255 1842 1301 carcerem
1855 1246 1953 1300 est
1963 1246 2342 1315 necatusque

570 1325 752 1386 XLV.
785 1323 1075 1385 Coloniae
1100 1325 1322 1386 civium
1343 1324 1760 1386 Romanorum
1783 1339 1858 1384 eo
1882 1339 2045 1386 anno
2070 1323 2362 1384 deductae

404 1416 548 1471 sunt
587 1407 877 1470 Puteolos
922 1410 1290 1469 Vulturnum
1327 1409 1663 1481 Liternum,
1717 1409 1946 1467 treceni
1985 1407 2268 1468 homines
2307 1407 2362 1466 in

403 1494 695 1568 singulas.
764 1494 909 1552 item
950 1491 1269 1553 Salernum
1313 1493 1782 1567 Buxentumque
1823 1491 2104 1552 coloniae
2149 1491 2358 1551 civium

403 1577 823 1637 Romanorum
852 1577 1155 1637 deductae
1184 1581 1344 1637 sunt.
1412 1577 1728 1636 deduxere
1755 1575 2052 1636 triumviri
2078 1574 2166 1634 Ti.
2201 1573 2357 1635 Sem-

404 1658 664 1735 pronius
693 1659 963 1733 Longus,
996 1661 1101 1734 qui
1129 1667 1257 1720 tum
1285 1661 1501 1719 consul
1531 1666 1678 1733 erat,
1707 1657 1788 1717 M.
1822 1657 2138 1733 Servilius,
2170 1658 2238 1732 Q.
2262 1657 2358 1717 Mi-

402 1742 621 1802 nucius
637 1741 953 1801 Thermus.
996 1758 1144 1817 ager
1171 1743 1409 1803 divisus
1432 1750 1527 1802 est
1552 1744 1656 1817 qui
1682 1740 2132 1816 Campanorum
2155 1743 2358 1803 fuerat.

406 1825 730 1901 Sipontum
758 1825 899 1883 item
928 1825 990 1882 in
1020 1840 1235 1900 agrum
1266 1825 1372 1900 qui
1399 1827 1771 1900 Arpinorum
1803 1825 2029 1899 fuerat,
2068 1826 2362 1886 coloniam

408 1909 631 1969 civium
668 1908 1082 1968 Romanorum
1128 1909 1229 1968 alii
1277 1908 1604 1982 triumviri,
1655 1909 1726 1968 D.
1769 1909 1980 1968 Iunius
2019 1909 2248 1969 Brutus
2289 1908 2361 1968 Μ.

404 1992 671 2053 Baebius
694 1992 1048 2067 Tamphilus
1070 1991 1151 2051 M.
1165 1991 1418 2053 Helvius
1444 1992 1846 2053 deduxerunt.
1883 1995 2211 2068 Tempsam
2231 1994 2361 2054 item

405 2084 466 2138 et
494 2076 820 2137 Crotonem
848 2076 1073 2139 civium
1092 2077 1507 2138 Romanorum
1537 2076 1816 2137 coloniae
1840 2075 2164 2141 deductae.
2194 2079 2358 2137 Tem-

404 2177 639 2239 psanus
681 2176 829 2237 ager
868 2160 947 2221 de
975 2160 1223 2223 Bruttiis
1263 2166 1479 2235 captus
1507 2167 1669 2229 erat;
1709 2160 1925 2221 Bruttii
1960 2161 2234 2223 Graecos
2265 2175 2360 2220 ex·

405 2248 715 2322 pulerant=
764 2246 1085 2307 Crotonem
1118 2244 1336 2308 Graeci
1363 2243 1687 2304 habebant.
1734 2245 2031 2304 triumviri
2063 2244 2168 2305 Cn.
2195 2245 2360 2306 Octa-

402 2332 541 2392 vius
570 2332 635 2391 L.
660 2331 958 2391 Aemilius
980 2329 1209 2391 Paulus
1232 2327 1295 2388 C.
1320 2326 1658 2388 Plaetorius
1683 2328 2027 2403 Crotonem,
2047 2330 2359 2404 Tempsam

403 2414 470 2474 L.
503 2415 819 2476 Cornelius
848 2414 1085 2474 Merula
1114 2413 1181 2487 Q.
1208 2410 1276 2449 *¹*
1307 2410 1369 2471 C.
1403 2411 1691 2472 Salonius
1725 2412 2131 2473 deduxerunt.

571 2498 857 2572 Prodigia
888 2512 1139 2572 quoque
1166 2496 1286 2556 alia
1314 2496 1450 2556 visa
1477 2511 1553 2557 eo
1585 2512 1748 2557 anno
1774 2498 2010 2557 Romae
2041 2505 2214 2569 sunt,
2254 2496 2358 2555 alia

387 2583 701 2642 nuntiata.
753 2581 814 2639 in
848 2582 982 2640 foro
1023 2587 1084 2640 et
1125 2580 1368 2641 comitio
1399 2587 1459 2641 et
1489 2580 1786 2655 Capitolio
1819 2581 2140 2657 sanguinis
2167 2586 2358 2655 guttae

408 2664 581 2723 visae
622 2669 793 2738 sunt,
836 2671 898 2723 et
935 2673 1097 2725 terra
1137 2664 1504 2739 aliquotiens
1542 2664 1764 2740 pluvit,
1809 2672 1870 2725 et
1898 2672 2086 2741 caput
2109 2662 2356 2726 Vulcani

408 2746 575 2807 arsit.
633 2747 969 2808 nuntiatum
1014 2754 1111 2809 est
1136 2746 1296 2808 Nare
1337 2750 1495 2808 amni
1540 2750 1636 2809 lac
1677 2748 1972 2819 fluxisse;
2016 2765 2250 2825 pueros
2277 2748 2355 2807 in-

406 2845 646 2905 genuos
668 2831 923 2891 Arimini
952 2830 1087 2893 sine
1118 2832 1316 2893 oculis
1347 2848 1420 2893 ac
1449 2849 1621 2905 naso,
1655 2840 1716 2892 et
1741 2834 1803 2893 in
1822 2833 2048 2894 Piceno
2073 2848 2223 2907 agro
2247 2846 2356 2891 non

405 2930 643 2989 manua,
674 2931 799 2975 non
829 2915 1025 2990 pedes
1052 2915 1378 2978 habentem
1406 2923 1634 2977 natum.
1691 2932 1767 2977 ea
1795 2915 2080 2993 prodigia
2109 2932 2190 2977 ex
2218 2932 2354 2992 pon-

405 2999 635 3061 tificum
692 2999 942 3061 decreto
1009 3006 1358 3075 procurata.
1441 3009 1503 3062 et
1557 3001 1929 3062 sacrificium
1983 3000 2354 3062 novemdiale

405 3085 631 3146 factum
662 3091 786 3157 est,
827 3083 996 3160 quod
1024 3084 1317 3145 Hadriani
1347 3084 1770 3147 nuntiaverant
1797 3086 1857 3145 in
1889 3099 2037 3159 agro
2069 3101 2188 3147 suo
2219 3083 2353 3161 lapi-

405 3167 587 3231 dibus
624 3168 920 3246 pluvisse.

573 3252 780 3312 XLVI.
825 3254 893 3311 In
925 3254 1119 3314 Gallia
1142 3254 1211 3313 L.
1239 3252 1525 3314 Valerius
1553 3253 1818 3315 Flaccus
1842 3255 2181 3331 proconsul
2211 3253 2357 3313 circa

404 3333 840 3395 Mediolanium
868 3351 1005 3395 cum
1030 3337 1217 3397 Gallis
1240 3336 1603 3398 Insubribus
1627 3346 1687 3397 et
1703 3337 1894 3411 Boiis,
1926 3336 2032 3412 qui
2071 3338 2354 3399 Dorulato

409 3416 569 3474 duce
612 3417 690 3476 ad
733 3418 1134 3479 concitandos
1172 3420 1465 3481 Insubres
1493 3419 1724 3482 Padum
1766 3419 2139 3495 transgressi
2182 3426 2355 3493 erant,

406 3495 601 3568 signis
626 3497 859 3558 collatis
876 3499 1264 3577 depugnavit.
1298 3502 1514 3565 decem
1533 3504 1700 3566 milia
1717 3503 1984 3567 hostium
2005 3510 2154 3565 sunt
2167 3518 2356 3567 caesa.
