2548 3950
382 155 507 222 338
631 155 859 216 LIBER
896 153 1225 212 XXXVIII.
1266 150 1432 210 CAP.
1459 159 1544 210 21.
1571 157 1658 208 22.
1701 154 1777 221 [a.
1805 154 1875 205 U.
1899 155 2102 220 assa]

386 324 544 388 qua-e
585 265 911 381 numquam
951 301 1074 364 nisi
1113 305 1174 363 in
1218 319 1424 379 pugna
1450 300 1788 363 nudentur.
1833 301 1920 362 ita
1946 310 2010 362 ct
2039 304 2188 378 plus
2218 321 2344 365 san·

386 391 585 471 guinis
626 405 706 450 ex
748 390 934 449 multa
974 403 1158 449 carne
1188 386 1585 459 fundebatur,
1627 393 1690 446 et
1718 386 2038 447 foediores
2069 388 2348 462 patebant

387 479 623 553 plagae,
655 481 715 534 et
744 473 977 533 candor
1006 486 1336 548 corporum
1363 467 1560 543 magis
1591 468 1890 544 sanguine
1921 476 2062 531 atro
2091 473 2346 530 macula·

384 562 580 636 batur.
626 559 741 618 sed
767 573 889 616 non
918 564 1042 616 tam
1063 553 1410 630 patentibus
1435 551 1636 628 plagis
1658 561 2004 614 moventur.
2053 554 2345 614 interdum

385 645 621 706 insecta
648 647 814 712 cute,
861 638 966 700 ubi
997 638 1175 699 latior
1206 653 1388 712 quam
1414 635 1593 695 altior
1620 638 1806 711 plaga
1833 644 1962 708 est,
2013 637 2213 698 etiam
2238 640 2348 714 glo-

385 727 611 787 riosius
652 741 722 784 se
763 738 1038 799 pugnare
1076 727 1306 797 putant.
1373 721 1585 792 iidem,
1629 735 1768 780 cum
1805 723 2073 780 aculeus
2105 723 2350 797 sagittae

387 817 492 870 aut
536 808 776 884 glandis
822 807 1059 868 abditae
1108 805 1411 865 introrsus
1463 802 1630 863 tenui
1671 804 1929 863 vulnere
1972 805 2038 862 in
2087 807 2350 880 speciem

387 895 522 967 urit,
553 898 613 952 et
640 890 965 952 scrutantis
996 906 1121 963 qua
1147 890 1412 950 evellant
1439 889 1623 948 telum
1654 901 1778 946 non
1807 888 2120 962 sequitur,
2151 895 2276 950 tum
2303 890 2354 949 in

387 976 619 1038 rabiem
669 981 730 1035 et
771 974 1069 1049 pudorem
1109 980 1231 1033 tam
1279 986 1509 1046 parvae
1549 969 1906 1047 perimentis
1949 972 2130 1032 versi
2173 974 2354 1048 pestis

388 1065 785 1136 prosternunt
831 1072 1095 1132 corpora
1137 1055 1334 1128 humi,
1384 1054 1541 1116 sicut
1582 1053 1816 1131 passim
1859 1055 2353 1130 procumberent.

388 1143 489 1204 alii
536 1149 785 1201 ruentes
834 1140 895 1199 in
946 1141 1184 1200 hostem
1234 1138 1511 1213 undique
1563 1137 2069 1214 configebantur,
2125 1147 2192 1202 et
2233 1156 2354 1200 cum

390 1227 728 1288 comminus
755 1230 1067 1297 venerant,
1098 1223 1318 1298 gladiis
1349 1238 1387 1282 a
1413 1222 1694 1282 velitibus
1723 1222 2223 1285 trucidabantur.
2267 1223 2351 1284 hic

390 1309 566 1371 miles
594 1307 954 1385 tripedalem
985 1322 1255 1382 parmam
1285 1305 1498 1379 habet,
1531 1314 1594 1366 et
1620 1307 1680 1366 in
1710 1307 1930 1366 dextra
1957 1306 2208 1382 hastas,
2241 1309 2352 1382 qui-

393 1396 507 1454 bus
537 1394 775 1454 eminus
802 1393 1017 1463 utitur3
1060 1391 1263 1466 gladio
1286 1389 1680 1464 Hispaniensi
1709 1398 1806 1450 est
1824 1390 2094 1452 cinctus.
2140 1391 2352 1468 quodsi

394 1477 551 1552 pede
601 1476 821 1537 collato
868 1473 1263 1551 pugnandum
1296 1480 1418 1547 est,
1462 1472 1861 1543 translatisin
1890 1475 2142 1534 laevam
2173 1476 2352 1536 hastis

390 1559 629 1632 stringit
675 1560 964 1633 gladium.
1035 1558 1227 1634 pauci·
1261 1557 1382 1617 iam
1431 1564 1795 1633 supererant
1844 1557 2205 1630 Gallorum3
2264 1560 2352 1634 qui

396 1649 724 1717 postquam
766 1642 845 1702 ab
886 1644 1004 1702 levi
1044 1648 1350 1702 armatura
1391 1649 1716 1716 superatos
1760 1657 1832 1702 se
1861 1641 2158 1704 viderunt
2187 1653 2250 1704 et
2279 1645 2353 1702 in·

392 1731 557 1785 stare
584 1722 892 1798 legionum
922 1725 1125 1800 signa,
1157 1725 1360 1786 effusa
1387 1727 1530 1800 fuga
1560 1732 1763 1786 castra
1789 1732 2082 1800 repetunt
2109 1729 2351 1802 pavoris

390 1817 451 1870 et
476 1807 768 1869 tumultus
800 1806 921 1867 iam
948 1809 1148 1883 plena,
1178 1815 1245 1868 ut
1270 1809 1377 1868 ubi
1410 1809 1671 1868 feminae
1697 1809 2001 1886 puerique
2023 1817 2090 1870 et
2113 1813 2240 1871 alia
2258 1811 2350 1870 im-

394 1892 567 1954 bellis
616 1891 797 1952 turb-a
848 1892 1146 1967 permixta
1196 1899 1381 1952 esset.
1452 1894 1765 1954 Romanos
1815 1894 2090 1955 victores
2137 1893 2350 1956 deserti

392 1980 536 2053 fuga
564 1969 830 2037 h'ostium
858 1983 1231 2052 acceperunt
1256 1977 1487 2037 tumuli.
1542 1975 1724 2037 XXII.
1769 1978 1888 2037 sub
1917 1978 2086 2038 idem
2118 1986 2350 2055 tempus

387 2060 454 2121 L.
485 2060 750 2121 Manlius
782 2068 843 2119 et
874 2058 935 2120 C.
965 2061 1219 2121 Helvius
1238 2106 1253 2132 ,
1300 2075 1438 2119 cum
1471 2062 1676 2134 quoad
1703 2062 1867 2121 viam
1898 2062 2096 2123 colles
2130 2063 2349 2138 obliqui

392 2144 695 2205 dederunt
746 2144 1201 2216 escendissent,
1258 2151 1585 2219 postquam
1627 2146 1709 2205 ad
1747 2144 1912 2204 invia
1949 2154 2211 2208 ventum
2251 2155 2348 2214 est,

388 2226 619 2289 flexere
662 2228 776 2288 iter
818 2228 879 2287 in
921 2232 1158 2303 partem
1198 2227 1453 2302 montiS,
1499 2244 1657 2303 quae
1685 2244 1810 2290 una
1837 2228 2112 2291 habebat
2139 2232 2271 2304 iter,
2300 2236 2351 2287 et

390 2311 570 2387 sequi
612 2312 884 2373 consulis
926 2327 1141 2387 agmen
1172 2311 1416 2371 modico
1446 2318 1706 2386 uterque
1733 2310 2054 2374 intervallo
2088 2316 2258 2377 velut
2283 2328 2349 2373 ex

388 2396 732 2471 composito
762 2401 1129 2470 coeperunt,
1174 2394 1343 2470 quod
1376 2393 1571 2470 primo
1603 2394 1896 2470 optimum
1927 2397 2097 2458 factu
2127 2398 2350 2469 fuisset,

389 2480 448 2540 in
482 2480 543 2540 id
585 2480 953 2541 necessitate
995 2480 1136 2555 ipsa
1162 2478 1499 2553 compulsi:
1543 2478 1822 2539 subsidia
1851 2480 2016 2539 enim
2044 2480 2108 2539 in
2137 2480 2346 2541 talibus

390 2563 805 2638 iniquitatibus
836 2564 1109 2624 locorum
1141 2563 1410 2623 maximo
1442 2578 1632 2638 saepe
1659 2562 1800 2623 usui
1831 2564 2112 2637 suerunt,
2147 2571 2212 2624 ut
2239 2564 2345 2639 pri·

390 2646 504 2705 mis
552 2645 707 2705 forte
751 2647 1085 2707 deturbatis
1129 2645 1388 2707 secundi
1430 2654 1489 2708 et
1527 2653 1735 2723 tegant
1776 2646 1997 2722 pulsos
2040 2654 2104 2707 et
2145 2647 2346 2721 integri

393 2742 658 2803 pugnam
688 2728 1013 2804 excipiant.
1077 2730 1328 2804 consul,
1359 2737 1688 2807 postquam
1720 2730 1799 2790 ad
1829 2731 2100 2793 tumulos
2133 2732 2210 2792 ab
2239 2729 2344 2788 levi

389 2817 695 2871 armatura
713 2819 930 2888 captos
952 2812 1147 2886 prima
1171 2814 1350 2889 sig-na
1372 2813 1676 2889 legionum
1701 2822 2135 2890 pervenerunt,
2161 2812 2344 2887 respi-

388 2912 525 2957 rare
552 2902 611 2957 et
639 2895 1083 2971 conquiescere
1112 2898 1430 2973 paulisper
1458 2897 1706 2959 militem
1730 2898 1915 2959 iubet.
1962 2898 2148 2959 simul
2171 2904 2344 2959 strata

391 2997 503 3055 per
528 2981 800 3041 tumulos
838 2995 1103 3055 corpora
1135 2980 1444 3044 Gallorum
1476 2988 1768 3051 ostentat;
1813 2990 1875 3043 et
1904 2998 2042 3041 cum
2076 2983 2229 3043 levis
2259 2996 2340 3039 ar-

387 3070 622 3125 matura
650 3064 953 3139 proelium
978 3065 1099 3124 tale
1127 3064 1404 3139 ediderit,
1435 3066 1582 3140 quid
1603 3065 1680 3125 ab
1705 3064 2070 3141 legionibus,
2105 3064 2250 3141 quid
2272 3063 2340 3122 ab

382 3147 564 3209 'iustis
596 3148 801 3218 armiS‚
834 3146 984 3223 quid
1011 3148 1088 3208 ab
1111 3147 1330 3209 animis
1361 3148 1824 3209 fortissimorum
1854 3149 2108 3209 militum
2133 3161 2334 3223 exspe-

390 3231 581 3289 ctari?
624 3237 827 3290 castra
868 3230 989 3290 illis
1032 3231 1334 3306 capienda
1373 3248 1549 3306 esse,
1590 3233 1652 3292 in
1685 3248 1844 3307 quae
1887 3232 2242 3308 compulsus
2269 3228 2335 3288 ab

387 3312 510 3369 levi
563 3319 869 3372 armatura
916 3312 1115 3373 hostis
1166 3314 1444 3387 trepidet.
1519 3317 1892 3389 praecedere
1941 3320 2139 3375 tamen
2181 3314 2336 3373 iubet

389 3391 586 3449 levem
628 3399 1024 3465 armaturam3
1070 3412 1255 3471 quae,
1301 3412 1439 3457 cum
1478 3404 1666 3459 staret
1695 3414 1942 3475 agmen,
1987 3394 2333 3473 colligendis
