2548 3950
534 214 764 275 LIBER
791 215 1032 275 XXXV.
1077 214 1242 277 CAP.
1267 226 1356 276 40.
1381 226 1467 277 41.
1500 223 1571 289 [a.
1597 222 1662 276 c,
1689 224 1812 291 192]
2026 218 2150 284 211

189 362 508 439 Quinctius
539 372 598 423 et
627 364 730 424 Cn.
760 364 1058 426 Domitius
1089 367 1378 427 consules
1410 368 1467 427 in
1504 367 1857 442 provincias
1887 372 2150 446 profecti

186 456 361 522 sunt,
419 446 733 521 Quinctius
783 450 841 507 in
889 449 1176 523 Ligures,
1235 449 1537 511 Domitius
1586 452 1885 513 adversus
1935 454 2146 515 Boios.

182 532 326 593 Boii
357 532 750 607 quieverunt3
795 539 980 607 atque
1019 534 1197 593 etiam
1240 539 1493 595 senatus
1532 550 1744 597 eorum
1772 552 1911 599 cum
1939 526 2145 598 liberis

185 623 248 676 et
271 615 570 691 praefecti
591 630 726 675 cum
749 617 1022 691 equitatu
1037 646 1127 659 -—
1149 632 1387 678 summa
1410 618 1677 679 omnium
1698 620 1861 680 mille
1884 626 1945 680 et
1974 621 2148 695 quin·

182 699 354 775 genti
380 730 467 741 —
495 700 734 759 consuli
777 698 1143 761 dediderunt
1169 715 1333 761 sese.
1387 701 1464 761 ab
1492 705 1684 763 altero
1716 704 1972 764 consule
2000 720 2150 779 ager

181 784 478 859 Ligurum
503 784 624 845 late
652 791 750 845 est
774 789 1052 845 vastatus
1081 786 1458 860 castellaque
1486 785 1718 860 aliquot
1740 794 1953 862 capta,
1983 789 2149 847 unde

182 883 310 931 non
342 866 578 943 praeda
603 868 790 928 modo
822 866 1020 927 omnis
1047 868 1293 942 generis
1327 884 1465 929 cum
1494 870 1753 944 captivis
1784 878 1989 946 parta,
2033 872 2150 931 sed

179 951 422 1026 recepti
451 965 702 1027 quoque
732 951 968 1026 aliquot
993 951 1160 1027 cives
1183 950 1495 1026 sociique,
1532 952 1639 1027 qui
1661 951 1722 1012 in
1743 952 2011 1015 hostium
2035 970 2147 1029 po-

184 1042 410 1100 testate
435 1035 691 1097 fuerant.
722 1036 940 1096 eodem
966 1034 1086 1095 hoc
1109 1051 1268 1096 anno
1285 1035 1588 1096 Vibonem
1615 1037 1857 1098 colonia
1879 1037 2148 1099 deducta

182 1127 386 1181 estex
409 1126 662 1181 senatus
685 1121 963 1181 consulto
987 1118 1278 1195 plebique
1301 1120 1475 1181 scito.
1512 1120 1627 1180 tria
1646 1121 1813 1182 milia
1832 1128 1894 1182 et
1914 1121 2141 1197 septin-

181 1204 356 1280 genti
387 1203 626 1278 pedites
672 1203 899 1275 ierunt,
942 1204 1195 1265 trecenti
1237 1202 1502 1278 equites.
1546 1204 1842 1265 triumviri
1872 1206 2144 1266 deduxe—

177 1295 329 1350 runt
367 1304 477 1351 eos
520 1286 586 1361 Q.
625 1288 892 1348 Naevius
940 1287 1022 1346 Μ.
1063 1286 1367 1348 Minucius
1406 1287 1487 1347 M.
1531 1288 1753 1350 Furius
1799 1288 2145 1365 Crassipes.

186 1373 384 1449 quina
408 1372 568 1435 dena
593 1372 806 1447 iugera
833 1371 962 1445 agri
992 1371 1135 1431 data
1163 1373 1225 1431 in
1261 1372 1541 1446 singulos
1572 1373 1810 1447 pedites
1840 1380 2000 1443 sunt,
2033 1374 2144 1434 du·

182 1460 334 1537 plex
373 1456 580 1531 equiti.
635 1456 1008 1517 Bruttiorum
1050 1456 1329 1530 proxime
1356 1456 1557 1515 fuerat
1582 1471 1761 1531 agen
1800 1455 2015 1515 Bruttii
2046 1471 2144 1515 ce-

182 1548 409 1617 perant
437 1540 515 1603 de
545 1539 814 1601 Graecis.
859 1540 1094 1600 Rornae
1124 1556 1238 1615 per
1278 1539 1440 1600 idem
1467 1546 1712 1614 tempus
1744 1539 1866 1602 duo
1897 1537 2147 1599 maximi

181 1628 435 1685 fuerunt
469 1630 766 1698 terrores,
809 1622 1076 1684 diutinus
1115 1626 1269 1683 alter
1316 1623 1431 1684 sed
1473 1622 1751 1698 segnior:
1808 1630 1973 1684 terra
2011 1623 2144 1683 dies

183 1708 804 1783 duodequadraginta
833 1708 1040 1768 movit.
1083 1723 1196 1783 per
1223 1707 1475 1769 totidem
1506 1708 1638 1769 dies
1671 1708 1860 1769 feriae
1886 1708 1948 1768 in
1979 1707 2145 1769 solli-

183 1792 456 1853 citudine
485 1808 559 1853 ac
587 1799 751 1853 metu
779 1793 982 1861 fuere3
1027 1792 1089 1851 in
1118 1791 1381 1853 triduum
1410 1792 1543 1853 eius
1570 1792 1660 1853 rei
1691 1807 1883 1852 causa
1910 1792 2143 1867 suppli-

167 1877 346 1938 catio
375 1875 580 1937 habita
608 1883 720 1937 est.
763 1878 864 1937 ille
891 1892 1015 1937 non
1037 1891 1234 1951 pavor
1256 1892 1486 1949 vanuS,
1516 1877 1632 1936 sed
1652 1891 1799 1936 vera
1818 1879 2145 1937 multorum

183 1961 399 2028 clades
429 1960 571 2021 fuit:
615 1959 900 2022 incendio
925 1978 963 2021 a
985 1960 1119 2023 foro
1146 1960 1413 2022 Bovario
1439 1967 1571 2022 orto
1596 1959 1755 2020 diem
1779 1966 2147 2034 noctemque

185 2044 476 2107 aedificia
497 2045 558 2104 in
579 2045 840 2105 Tiberim
861 2061 1047 2105 versa
1068 2060 1307 2116 arsere,
1331 2044 1748 2119 tabernaeque
1772 2059 1986 2104 omnes
2010 2058 2147 2102 cum

183 2129 394 2205 magni
425 2129 601 2205 pretii
629 2129 934 2190 mercibus
965 2128 1519 2203 conflagraverunt.

355 2213 505 2274 XLI.
550 2214 676 2272 Iam
705 2213 832 2272 fere
863 2214 928 2274 in
953 2211 1120 2274 exitu
1149 2227 1348 2272 annus
1384 2217 1544 2282 erat,
1586 2218 1647 2270 et
1684 2209 1745 2270 in
1788 2208 1921 2270 dies
1951 2209 2147 2283 magis

187 2300 354 2359 fama
381 2297 459 2357 de
486 2297 770 2359 Antiochi
803 2298 962 2358 bello
994 2303 1054 2356 et
1083 2311 1228 2356 cura
1251 2293 1527 2369 patribus
1550 2292 1898 2352 crescebatz
1940 2291 2150 2365 itaque

188 2384 270 2442 de
294 2381 628 2456 provinciis
651 2381 1104 2454 designatorum
1127 2378 1589 2453 magistratuum
1604 2421 1619 2450 ,
1646 2391 1769 2451 quo
1793 2374 2149 2435 intentiores
2182 2435 2187 2440 ,

188 2474 405 2526 essent
431 2479 676 2538 omneS,
719 2464 931 2539 agitari
961 2469 1246 2539 coeptum
1276 2469 1389 2523 est.
1446 2461 1779 2522 decrevere
1819 2467 1887 2519 ut
1926 2473 2150 2520 consu-

188 2549 354 2610 libus
379 2549 552 2610 Italia
579 2555 641 2610 et
670 2563 792 2623 quo
825 2554 1076 2609 senatus
1106 2547 1453 2608 censuisset
1486 2579 1559 2590 -—
1590 2543 1711 2604 iam
1740 2559 1885 2604 esse
1924 2541 2151 2602 bellum

190 2633 496 2694 adversus
519 2631 886 2693 Antiochum
913 2647 1121 2707 regern
1147 2646 1362 2692 omnes
1390 2629 1666 2690 sciebant
1692 2663 1766 2672 —
1796 2625 2153 2703 provinciae

189 2725 421 2779 essent.
467 2718 642 2777 cuius
665 2732 740 2776 ea
761 2731 904 2777 sors
926 2723 1115 2790 esset,
1137 2722 1425 2792 quattuor
1445 2714 1610 2775 milia
1633 2711 1906 2788 peditum
1930 2708 2154 2771 civium

187 2803 608 2862 Romanorum
639 2807 700 2860 et
725 2801 980 2862 trecenti
1021 2799 1292 2877 equites,
1334 2815 1449 2860 sex
1488 2798 1653 2858 milia
1692 2797 1933 2859 socium
1959 2793 2155 2855 Latini

190 2887 459 2946 nominis
489 2901 629 2946 cum
654 2884 1114 2960 quadringentis
1140 2884 1450 2959 equitibus
1472 2888 1616 2943 sunt
1637 2880 1901 2946 decreta.
1942 2893 2155 2940 eorum

194 2968 484 3030 dilectum
512 2968 742 3030 habere
769 2969 836 3027 L.
868 2968 1184 3043 Quinctius
1215 2969 1435 3028 consul
1462 2967 1703 3036 iussuS,
1737 2981 1817 3027 ne
1849 2963 1996 3036 quid
2022 2977 2153 3020 mo-

192 3062 460 3126 raretur,
505 3069 628 3130 quo
660 3052 861 3113 minus
892 3054 1109 3114 consul
1151 3067 1384 3124 novuS‚
1431 3067 1553 3124 quo
1598 3054 1849 3108 senatus
1880 3042 2156 3105 censuis-

196 3144 320 3210 set,
355 3138 665 3212 extemplo
695 3136 1007 3212 proficisci
1039 3142 1276 3210 posset.
1320 3135 1461 3194 item
1490 3134 1569 3193 de
1610 3127 1944 3206 provinciis
1979 3139 2157 3202 prae-

194 3229 394 3283 torum
424 3223 735 3283 decretum
765 3229 890 3293 est,
942 3218 1138 3294 prima
1175 3225 1242 3278 ut
1282 3231 1423 3277 sors
1468 3214 1657 3287 duae,
1699 3212 2059 3284 urbanaque
2101 3215 2162 3269 et

197 3307 353 3366 inter
377 3306 530 3368 civis
554 3320 627 3366 ac
650 3305 1014 3381 peregrinos
1037 3299 1375 3364 iurisdictio
1400 3306 1598 3370 esset,
1630 3295 1905 3357 secunda
1925 3291 2158 3362 Bruttii,

196 3389 376 3450 tertia
397 3390 650 3463 classiS,
681 3395 749 3450 ut
770 3388 1087 3463 navigaret
1107 3400 1231 3461 quo
1255 3388 1506 3444 senatus
1534 3377 1908 3452 censuisset,
1942 3381 2162 3453 quarta

200 3472 436 3548 Sicilia,
471 3471 682 3550 quinta
710 3471 1020 3544 Sardinia,
1055 3477 1232 3532 sexta
1257 3467 1557 3543 Hispania
1584 3466 1855 3609 ulltgior.
1900 3463 2163 3562 impera·
