2548 3950
651 249 884 310 LIBER
912 249 1120 310 XXXI.
1169 250 1337 309 CAP.
1365 255 1452 311 49.
1474 260 1563 311 50.
1604 256 1678 324 [a.
1703 256 1767 312 ο.
1791 257 1916 324 200]
2170 251 2253 315 45

291 408 478 464 tatem
517 415 722 462 rerum
773 407 1082 475 gestarum
1127 402 1257 460 eius
1303 401 1401 461 cui
1439 407 1643 465 tantus
1684 401 1885 465 honos
1927 403 2255 466 haberetur

292 487 566 564 populus
607 485 921 546 Romanus
962 483 1217 545 videret.
1278 500 1537 560 ecquem
1588 502 1666 545 ex
1708 502 1781 548 eo
1832 489 2105 550 exercitu
2148 491 2253 564 qui

293 587 435 633 cum
460 569 646 630 Gallis
665 570 1044 644 pugnaverit,
1076 569 1273 630 sinon
1299 569 1561 644 militem,
1593 570 1775 631 lixam
1800 572 2013 632 saltem
2036 572 2249 646 fuisse,

294 670 479 730 quem
510 652 896 729 percunctari
925 659 1143 730 posset
1162 661 1415 714 senatus
1440 654 1588 729 quid
1609 655 1740 714 veri
1764 663 2010 731 praetor
2032 657 2251 717 vanive

195 808 204 814 ‚
292 739 600 800 adferret?
640 736 896 798 comitiis
928 736 1154 797 deinde
1181 737 1343 796 diem
1371 738 1594 809 edixit;
1640 739 1863 814 quibus
1895 739 2082 800 creati
2109 749 2252 802 sunt

294 823 581 884 eonsules
609 821 677 880 1,.
706 821 1020 882 Cornelius
1045 820 1339 880 Lentulus
1367 821 1433 881 P.
1456 822 1676 882 Villius
1704 824 2040 899 Tappulus,
2072 840 2248 899 prae·

291 915 458 968 tores
485 905 630 966 inde
659 906 802 965 facti
829 904 896 963 L.
928 903 1240 979 Quinctius
1267 904 1641 966 Flamininus
1668 907 1735 965 L.
1764 908 2049 968 Valerius
2076 909 2247 970 Flac·

294 1007 405 1051 cus
433 991 500 1050 L.
530 989 750 1050 Villius
779 989 1095 1064 Tappulus
1139 987 1244 1046 Cn.
1273 988 1541 1049 Baebius
1570 990 1942 1066 Tamphilus.

457 1073 524 1133 L.
579 1075 843 1133 Annona
883 1087 1134 1148 quoque
1175 1087 1251 1133 eo
1281 1087 1441 1132 anno
1482 1073 1737 1148 pervilis
1780 1075 1909 1135 fuit.
1969 1075 2249 1135 frumenti

287 1159 414 1218 vim
440 1173 722 1233 magnam
751 1173 831 1218 ex
856 1157 1068 1218 Africa
1095 1156 1413 1216 advectam
1441 1159 1673 1218 aediles
1704 1160 1946 1220 curules
1966 1157 2047 1218 M.
2075 1158 2245 1219 Clau-

289 1244 430 1303 dius
451 1241 776 1301 Marcellus
799 1246 862 1301 et
883 1239 1026 1301 Sex.
1072 1240 1285 1301 Aelius
1306 1239 1527 1302 Paetus
1549 1241 1710 1303 binis
1733 1244 1893 1303 aeris
1916 1242 1980 1302 in
2002 1243 2245 1303 modios

287 1327 521 1403 populo
574 1324 929 1385 diviserunt.
993 1331 1056 1384 et
1093 1323 1276 1384 ludos
1315 1325 1633 1386 Romanos
1681 1341 1903 1400 magno
1946 1334 2247 1402 apparatu

288 1412 595 1483 fecerunt,
639 1409 799 1470 diem
839 1424 1030 1470 unum
1055 1409 1485 1468 instaurarunt.
1550 1409 1728 1484 signa
1751 1424 1945 1468 aenea
1974 1410 2245 1485 quinque

286 1509 366 1554 ex
406 1493 736 1555 multaticio
779 1499 1031 1568 argento
1070 1493 1132 1551 in
1175 1492 1412 1552 aerario
1453 1499 1811 1568 posuerunt.
1866 1491 2088 1568 plebeii
2117 1493 2245 1553 ludi

287 1579 366 1640 ab
406 1577 706 1639 aedilibus
747 1577 813 1636 L.
855 1577 1135 1637 Terentio
1176 1574 1515 1636 Massiliota
1557 1585 1617 1638 et
1658 1577 1760 1636 Cn.
1802 1575 2034 1638 Baebio
2069 1578 2243 1637 Tam-

287 1661 456 1738 philo
471 1709 486 1736 ,
533 1663 636 1739 qui
675 1666 924 1737 praetor
963 1659 1320 1736 designatus
1350 1667 1509 1733 erat,
1552 1667 1647 1721 ter
1671 1661 1779 1722 toti
1806 1661 2140 1723 instaurati.
2184 1669 2247 1721 et

285 1747 413 1809 ludi
461 1746 750 1808 funebres
797 1761 873 1807 eo
914 1760 1074 1806 anno
1125 1760 1238 1820 per
1289 1745 1693 1818 quadriduum
1742 1745 1803 1806 in
1846 1746 1981 1806 foro
2030 1747 2244 1806 mortis

288 1846 479 1892 causa
515 1830 596 1892 M.
627 1828 856 1889 Valerii
894 1827 1148 1888 Laevini
1189 1844 1226 1888 a
1259 1828 1325 1888 Ρ.
1370 1836 1431 1888 et
1466 1828 1549 1889 M.
1590 1829 1739 1890 filiis
1782 1831 1916 1890 eius
1967 1828 2139 1897 facti;
2184 1836 2245 1888 et

286 1931 508 1975 munus
535 1913 959 1991 gladiatorium
982 1913 1185 1973 datum
1215 1911 1293 1972 ab
1322 1912 1431 1984 iis;
1460 1913 1635 1990 paria
1657 1914 1929 1991 quinque
1951 1919 2013 1973 et
2032 1912 2245 1989 viginti

284 2008 652 2077 pugnarunt.
717 1998 796 2058 Μ.
840 1998 1124 2059 Aurelius
1167 1998 1341 2058 Cotta
1380 1997 1691 2059 decemvir
1730 2014 2045 2059 sacrorum
2084 2013 2244 2058 mor-

283 2093 459 2147 tuus:
503 2084 564 2144 in
596 2083 728 2144 eius
760 2085 962 2144 locum
991 2080 1072 2141 Μ’
1103 2082 1339 2144 Acilius
1374 2082 1617 2143 Glabrio
1656 2082 1975 2144 suffectus.

456 2166 725 2231 comitiis
767 2166 998 2227 aediles
1040 2167 1284 2227 curules
1315 2168 1499 2228 creati
1529 2173 1675 2228 sunt
1700 2168 1858 2227 forte
1886 2166 2093 2235 ambo,
2141 2166 2245 2241 qui

285 2252 489 2316 statim
545 2252 830 2326 occipere
886 2251 1305 2325 magistratum
1354 2266 1477 2311 non
1525 2256 1801 2326 possent.
1865 2264 2007 2309 nam
2057 2250 2244 2309 Gaius

287 2337 604 2400 Cornelius
633 2334 934 2411 Cethegus
975 2336 1202 2395 absens
1245 2340 1490 2394 creatus
1518 2339 1677 2406 erat,
1724 2348 1861 2393 cum
1886 2331 2246 2409 Hispaniam

287 2422 589 2485 obtineret
627 2419 1032 2496 provinciam
1080 2417 1142 2478 C.
1181 2417 1469 2479 Valerius
1505 2414 1763 2478 Flaccus
1780 2462 1795 2490 ,
1846 2431 2027 2493 quem
2068 2432 2242 2493 prae-

289 2513 524 2569 sentem
555 2510 928 2574 creaverant,
962 2502 1108 2578 quia
1131 2500 1357 2563 flamen
1378 2502 1567 2563 Dialis
1591 2507 1735 2576 erat,
1765 2501 1968 2563 iurare
1990 2502 2052 2561 in
2072 2502 2245 2577 leges

287 2607 410 2651 non
453 2594 720 2667 poterat=
762 2588 1182 2663 magistratum
1217 2593 1416 2647 autem
1446 2588 1586 2664 plus
1616 2586 1887 2663 quinque
1916 2585 2082 2660 dies,
2126 2585 2243 2646 nisi

290 2674 396 2752 qui
422 2676 694 2736 iurasset
720 2672 783 2733 in
817 2673 1007 2748 legeS‚
1037 2687 1162 2731 non
1190 2670 1415 2732 licebat
1440 2684 1675 2747 gerere.
1720 2676 1969 2745 petente
1998 2670 2241 2743 FlaccQ

285 2765 354 2820 ut
379 2758 622 2833 legibus
652 2757 1020 2828 solveretur,
1072 2761 1327 2817 senatus
1355 2754 1654 2825 decrevit,
1695 2762 1780 2826 ut,
1812 2754 1865 2815 si
1895 2753 2108 2813 aedilis
2140 2753 2246 2828 qui

287 2859 400 2919 pro
432 2858 504 2903 se
531 2842 758 2902 iuraret
784 2839 1074 2901 arbitratu
1105 2841 1426 2901 consulum
1454 2839 1655 2912 daret,
1702 2840 2024 2912 consules,
2068 2835 2123 2898 si
2152 2838 2243 2898 eis

288 2927 629 3000 videretur,
681 2939 822 2985 cum
869 2923 1126 2984 tribunis
1177 2922 1379 2998 plebis
1421 2928 1703 2998 agerent,
1754 2923 1842 2985 uti
1881 2922 1959 2982 ad
2003 2921 2245 2996 plebem

290 3012 535 3073 ferrent.
605 3010 784 3070 datus
820 3006 924 3084 qui
949 3006 1176 3068 iuraret
1202 3024 1318 3085 pro
1347 3008 1532 3068 fratre
1557 3005 1625 3065 L.
1655 3006 1941 3066 Valerius
1964 3004 2241 3074 FlaccuS,

289 3102 540 3170 praetor
605 3092 984 3167 designatus.
1055 3089 1283 3153 tribuni
1336 3092 1415 3151 ad
1470 3090 1713 3166 plebem
1766 3089 2059 3160 tulerunt,
2114 3087 2247 3161 ple-

285 3178 527 3255 besque
555 3174 752 3251 scivit,
784 3182 852 3238 ut
878 3175 1136 3250 perinde
1165 3184 1335 3236 esset
1361 3191 1435 3235 ac
1464 3173 1520 3233 si
1544 3170 1684 3246 ipse
1712 3171 1930 3231 aedilis
1961 3170 2244 3232 iurasset.

289 3270 351 3323 et
393 3263 472 3323 de
516 3260 709 3323 altero
762 3260 958 3320 aedile
1007 3259 1225 3319 scitum
1272 3257 1440 3334 plebi
1481 3260 1579 3316 est
1615 3257 1841 3317 factum
1890 3254 2244 3329 rogantibus

286 3346 579 3419 tribuniS‚
623 3360 781 3421 quos
824 3344 984 3404 duos
1026 3341 1088 3403 in
1115 3341 1476 3416 Hispaniam
1506 3356 1646 3401 cum
1673 3339 1928 3416 imperio
1960 3338 2041 3401 ad
2068 3354 2242 3401 exer-

290 3432 447 3494 citus
487 3428 578 3491 ire
608 3428 916 3503 iuberent,
968 3434 1035 3487 ut
1064 3425 1128 3487 C.
1159 3425 1474 3487 cornelius
1504 3424 1719 3487 aedilis
1752 3423 1979 3485 curulis
2009 3424 2090 3484 ad
2117 3440 2243 3485 ma-

289 3514 609 3589 gistratum
637 3513 970 3587 gerendum
996 3509 1250 3585 veniret,
1278 3518 1338 3571 et
1360 3509 1427 3569 L.
1451 3508 1711 3573 Manlius
1734 3507 2031 3570 Acidinus
2064 3507 2230 3568 dece·
