2548 3950
323 227 446 292 172
607 225 837 286 LIBER
863 224 1131 286 XXXIV.
1178 225 1342 285 CAP.
1365 233 1453 288 58.
1477 233 1565 288 59.
1612 231 1683 298 [a.
1708 231 1777 286 U.
1800 247 1847 282 ο.
1870 231 1997 300 559]

318 377 748 442 aedificaverit.
817 376 964 454 quid
993 376 1172 452 igitur
1203 377 1398 437 simile
1428 392 1601 451 esse,
1628 389 1821 439 ‘exea
1846 372 2284 459 possessione,

317 467 400 525 ita
429 469 632 538 parta,
662 461 754 521 ita-
770 467 1163 538 recuperata,
1189 460 1417 522 'deduci
1445 461 1844 537 Antiochum,
1861 469 1935 524 'et
1962 463 2287 528 Romanos

317 545 622 611 abstinere
651 543 830 616 Asia,
877 560 1037 622 quae
1061 555 1410 621 *numquam
1453 553 1664 606 eorum
1694 545 1916 608 ruerit?
1954 547 2287 610 amicitiam

313 633 1046 703 Romanomm=expetere
1062 626 1451 702 Antiochum,
1478 628 1597 688 sed
1626 642 1786 704 quae
1807 629 2127 708 impetrata
2147 633 2287 708 glo-

310 715 442 775 riae
469 713 618 785 sibi,
639 728 774 774 non
804 711 1028 788 pudori
1058 712 1154 771 sit.
1210 711 1475 772 ad‘haec
1505 712 1819 786 Quinctius
1848 715 2285 792 „quandoqui-

315 799 494 858 dem“
521 796 718 872 inquit
744 797 1044 871 „honesta
1073 808 1426 872 pensamuS,
1466 796 1625 857 sicut
1653 804 1757 858 aut
1774 795 1921 859 ‘sola
1949 801 2053 860 'aut
2082 800 2284 874 prima

316 888 480 942 certe
507 878 757 958 pensari
779 880 967 940 decet·
979 879 1240 956 principi
1265 879 1441 940 orbis·
1454 887 1749 942 terrarum
1768 883 2087 958 populosi
2110 887 2287 964 tanto

312 966 463 1040 regi,
496 964 964 1025 utrum‘tandern
997 963 1233 1024 videtur
1259 963 1598 1037 honestiuS,
1642 964 1867 1026 liberas
1893 966 2054 1026 ‘velie
2078 967 2287 1027 ‘omnis

315 1063 476 1124 quae
513 1047 744 1123 ubique
783 1055 928 1108 sunt
959 1048 1249 1106 Graeciae
1277 1047 1479 1120 urbis,
1524 1056 1601 1108 an
1622 1049 2282 1125 s’ervas‘et'vectigalis

314 1133 561 1192 facere?
600 1131 658 1190 si
689 1130 806 1191 sibi
833 1131 1174 1192 'Antiochus
1195 1130 1959 1208 ’pulchrum‘essenensen
1992 1139 2147 1208 quas
2175 1149 2283 1193 ur·

314 1215 427 1274 bes
453 1229 732 1290 proavus
763 1213 906 1273 belli
936 1214 1066 1272 iure
1093 1213 1393 1288 habuerit,
1425 1229 1578 1276 avus
1608 1221 1909 1292 paterque
1939 1227 2282 1292 numquam

311 1297 890 1374 usur-paverintpro
921 1297 1084 1372 suis»,
1125 1313 1235 1358 eas
1261 1305 1543 1373 repetere
1560 1299 1635 1358 ‘in
1659 1299 2038 1375 servitutem,
2056 1307 2133 1361 et
2162 1307 2283 1376 'po-

315 1383 498 1456 pulus
540 1381 854 1442 Romanus
895 1387 1262 1457 susceptum
1305 1381 1713 1456 patrocinium
1750 1381 2047 1445 libertatis
2091 1383 2285 1444 Grae-

316 1480 526 1524 corum
545 1479 680 1524 -non
709 1464 998 1525 deserere
1020 1464 1171 1525 fidei
1198 1466 1708 1543 ‘constantiaeque
1738 1465 2285 1550 suae²du'cit⁴cs'se.

315 1549 474 1608 sicut
515 1565 552 1606 a
588 1546 870 1624 Philippo
917 1548 1232 1610 Graeciam
1274 1549 1581 1622 liberavit,
1626 1552 1711 1611 ita
1733 1558 1813 1612 ct
1849 1549 1929 1610 ab
1960 1549 2288 1612 Antiocho

317 1631 582 1691 Graecas
612 1631 800 1692 Asiae
826 1631 1013 1692 urbes
1042 1631 1303 1692 liberare
1323 1631 1393 1691 in
1418 1633 1618 1695 animo
1642 1633 1844 1697 habet.
1892 1635 2289 1710 nequeenim

314 1714 374 1773 in
417 1713 738 1772 Aeolidem
785 1715 1142 1790 Ioniamque
1199 1715 1480 1776 coloniae
1528 1717 1588 1776 in
1642 1715 1996 1778 servitutem
2044 1717 2280 1794 regiain

314 1796 540 1856 missae
581 1802 752 1867 sunt,
787 1799 896 1856 sed
931 1799 1140 1872 stirpis
1171 1801 1493 1874 augendae
1514 1811 1711 1862 ‘causa
1748 1801 2079 1877 gentisque
2105 1801 2285 1862 vetu-

258 1895 262 1898 ·
317 1879 623 1940 stissimae
651 1892 764 1953 per
793 1877 1002 1938 orbem
1041 1889 1343 1938 terrarum
1378 1883 1877 1958 propagandae.·“
1943 1885 2093 1944 LIX.
2140 1900 2291 1944 cum

319 1963 649 2024 haesitaret
685 1961 1104 2037 Hegesianax,
1156 1978 1271 2023 nec
1324 1961 1565 2024 infitiari
1605 1970 1823 2039 posset
1854 1964 2288 2028 'honestiorem

317 2062 566 2107 causam
596 2046 896 2107 =iibertatis
942 2062 1124 2123 quam
1167 2046 1479 2108 servitutis
1522 2047 1797 2123 praetexi
1838 2048 2011 2111 titul'o
2027 2095 2043 2123 ‚
2086 2050 2287 2126 „quin

313 2130 601 2191 mittimus
653 2128 1024 2205 ambages-‘¹W
1088 2130 1285 2207 inquit
1322 2128 1387 2189 P.
1434 2130 1775 2208 Sulpicius,
1830 2131 1934 2207 qui
1966 2133 2285 2195 'maximus

315 2222 464 2275 natu
491 2229 572 2274 ex
600 2214 813 2275 decern
843 2216 1057 2289 legatis
1083 2221 1236 2274 erat.
1278 2216 1569 2289 „alteram
1598 2224 1677 2275 ex
1700 2214 1943 2277 duabus
1955 2217 2286 2278 ‘'condicio-

315 2298 529 2372 nibuS,
575 2314 734 2375 quae
773 2298 960 2360 modo
1003 2299 1230 2359 diserte
1271 2298 1616 2372 a'Quinct-io
1657 2300 2289 2375 tatae¹sunt,·1egite=

317 2390 422 2443 aut
463 2381 869 2459 supersedete
909 2383 988 2441 de
1030 2382 1294 2442 amicitia
1335 2387 1581 2457 agere.“
1651 2388 1807 2459 „n'o‘s
1838 2386 2041 2446 'verw‘
2084 2384 2291 2459 inquit

315 2468 642 2541 Menippus
672 2480 827 2541 „nec
853 2466 1139 2525 volumus
1169 2480 1286 2525 nec
1312 2476 1647 2540 possumus
1662 2466 1907 2543 pacisci
1932 2468 2285 2545 quicquain,

317 2568 441 2625 quo
471 2562 726 2623 regnum
753 2548 1039 2609 Antiochi
1065 2548 1433 2609 minuatur.‘·‘

481 2633 736 2693 Postero
780 2632 879 2692 die
909 2631 1222 2705 Quinctius
1248 2634 1478 2709 legatio
1486 2646 1595 2694 nes
1622 2634 1950 2695 universas
1976 2634 2290 2697 Graeciae

313 2715 630 2791 Asiaeque
668 2730 806 2775 cum
849 2716 910 2775 in
942 2724 1220 2779 senatmn
1243 2716 1720 2792 introduxisset,
1762 2724 1829 2780 ut
1858 2719 2086 2780 seirent
2105 2719 2288 2795 quali

315 2799 516 2859 animo
555 2800 828 2874 populus
855 2801 1171 2861 Romanus
1187 2847 1203 2876 ,
1247 2802 1410 2877 quali
1438 2800 1779 2863 Antiochus
1822 2804 1969 2879 erga
2001 2802 2289 2863 civitates

317 2882 609 2943 Graeciae
643 2890 888 2957 essent,
933 2885 1243 2960 postulata
1278 2893 1341 2947 et
1377 2885 1544 2961 regis
1586 2893 1649 2945 et
1674 2900 1791 2947 sua
1818 2888 2127 2963 exposuit.
2180 2894 2287 2946 re-

315 2966 658 3027 nuntiarent
679 2966 1022 3029 civitatibus
1047 2970 1178 3029 suis
1203 2970 1501 3045 populum
1522 2970 1883 3045 Romanum,
1912 2978 2035 3047 qua
2055 2971 2289 3031 virtute

315 3066 562 3126 quaque
587 3050 714 3111 fide
737 3052 1077 3113 libertatem
1105 3066 1319 3113 eorum
1350 3068 1388 3115 a
1412 3052 1695 3129 Phiiippo
1723 3053 2143 3128 vindicaverit,
2176 3062 2283 3113 ea-

313 3135 452 3195 dem
503 3136 581 3195 ab
621 3136 958 3210 Antioche,
1009 3136 1126 3197 nisi
1177 3138 1439 3197 decedat
1474 3136 1757 3215 Europa,
1808 3137 2283 3199 vindicaturum.

311 3225 438 3279 tum
461 3218 790 3295 Menippus
807 3221 1133 3295 deprecari
1162 3229 1222 3282 et
1243 3220 1586 3295 Quinctium
1616 3228 1679 3281 et
1704 3230 1915 3297 patres
1939 3220 2169 3297 institit,
2197 3236 2288 3281 ne

312 3300 673 3363 festinarent
711 3303 1046 3363 decernere
1089 3320 1212 3380 quo
1243 3305 1489 3365 decreto
1521 3304 1816 3367 turbaturi
1846 3306 2060 3367 orbem
2084 3304 2284 3367 terra—

313 3401 447 3445 rum
488 3393 714 3448 essent.
780 3394 1023 3463 tempus
1065 3395 1126 3448 et
1165 3387 1281 3449 sibi
1313 3394 1623 3449 sumerent
1647 3395 1711 3449 et
1735 3390 1867 3465 regi
1896 3390 1977 3449 ad
2006 3386 2285 3463 cogitan-

313 3467 460 3527 dum
500 3469 733 3529 darent.
799 3472 1231 3545 cogitaturum,
1278 3486 1415 3536 cum
1451 3472 1835 3533 renuntiatae
1876 3472 2287 3535 condiciones
