2548 3950
348 263 475 328 318
634 264 865 325 LIBER
891 262 1215 325 XXXVIII.
1261 262 1428 324 CAP.
1463 272 1514 327 1.
1534 271 1592 324 2.
1637 269 1704 337 [a.
1735 268 1802 322 U.
1828 288 1877 322 c.
1903 270 2028 337 563]

349 418 674 483 immodico
718 416 975 493 imperio
1016 416 1391 477 desiderium
1431 414 1819 495 Amynandri
1857 416 2149 477 fecerant.
2210 433 2326 479 ex-

350 502 571 566 sulanti
609 510 735 563 tum
763 501 1165 579 Amynandro
1193 500 1256 559 in
1295 499 1538 561 Aetolia
1580 499 1790 561 litteris
1827 515 2115 577 suorum,
2159 500 2322 562 indi-

350 586 615 649 cantium
643 592 865 646 statum
886 584 1304 657 Athamaniae,
1335 597 1484 658 spes
1512 581 1920 659 recuperandi
1946 584 2122 659 regni
2155 585 2322 645 facta

349 678 461 732 est.
506 668 874 745 remissique
902 668 1094 729 nuntii
1123 668 1201 729 ab
1232 684 1309 729 eo
1339 668 1421 727 ad
1449 668 1762 743 principes
1783 665 2320 741 Argitheam—id

349 755 745 830 enim-caput
784 750 1185 813 Athamaniae
1232 758 1495 825 erat—-,
1545 752 1600 815 si
1644 751 2031 827 popularium
2071 753 2318 814 animos

349 840 499 900 satis
542 844 908 913 perspectos
936 836 1219 910 haberet,
1260 834 1585 911 impetrato
1617 835 1695 896 ab
1723 834 1959 895 Aetolis
1984 835 2219 911 ,auxilio
2251 832 2318 895 in

347 919 772 985 Athamaniam
814 936 884 981 se
909 927 1234 981 venturum
1262 934 1402 979 cum
1430 918 1686 979 delectis
1712 918 2096 993 Aetolorum,
2143 919 2319 993 quod

348 1005 671 1069 consilium
699 1012 868 1067 esset
894 1004 1111 1081 gentis,
1146 1009 1207 1063 et
1223 1003 1531 1063 Nicandro
1562 1009 1866 1078 praetore.
1913 1018 2072 1077 quos
2099 1001 2208 1063 ubi
2230 1002 2318 1063 ad

348 1091 552 1153 omnia
580 1097 831 1166 paratos
860 1103 1004 1150 esse
1031 1087 1211 1160 vidit,
1245 1084 1541 1148 certiores
1571 1085 1834 1147 subinde
1862 1084 2024 1160 facit,
2056 1102 2180 1160 quo
2210 1084 2319 1146 die

348 1190 484 1235 cum
534 1174 808 1235 exercitu
847 1171 1271 1232 Athamaniam
1309 1172 1712 1245 ingressurus
1762 1176 1948 1230 esset.
2023 1176 2320 1244 quattuor

347 1260 542 1334 primo
573 1260 816 1318 fuerunt
844 1254 1139 1316 coniurati
1162 1256 1464 1315 adversus
1487 1253 1891 1315 Macedonum
1917 1252 2316 1328 praesidium.

346 1342 408 1401 hi
440 1358 627 1403 senos
670 1339 787 1402 sibi
823 1338 1135 1400 adiutores
1168 1340 1248 1399 ad
1276 1354 1407 1399 rem
1435 1337 1768 1413 gerendam
1796 1338 2314 1412 adsumpserunt3

348 1427 489 1486 dein
522 1424 827 1501 paucitate
856 1440 1075 1501 parum
1106 1424 1259 1497 freti,
1292 1438 1452 1498 quae
1484 1422 1777 1483 celandae
1801 1422 1892 1481 rei
1918 1437 2102 1496 quam
2123 1436 2316 1497 agen·

348 1511 463 1571 dae
504 1510 701 1586 aptior
740 1514 898 1580 erat,
950 1522 1160 1583 parem
1203 1508 1394 1581 priori
1437 1522 1751 1567 numerum
1793 1503 2168 1566 adiecerunt.
2229 1506 2318 1565 ita

346 1594 469 1655 duo
494 1600 554 1653 et
578 1591 1020 1668 quinquaginta
1040 1591 1182 1651 facti
1207 1590 1642 1665 quadrifariam
1665 1606 1736 1649 se
1758 1587 2132 1651 diviserunt:
2163 1605 2316 1664 pars

346 1694 467 1737 una
506 1676 898 1749 Heracleam,
939 1676 1129 1735 altera
1168 1675 1621 1753 Tetraphyliam
1665 1672 1840 1749 petit,
1881 1674 1986 1735 ubi
2026 1673 2314 1736 custodia

344 1760 552 1835 regiae
575 1757 875 1834 pecuniae
897 1773 1041 1819 esse
1063 1758 1245 1817 solita
1268 1766 1414 1831 erat,
1447 1760 1622 1819 tertia
1639 1758 2062 1828 Theudoriam,
2092 1766 2312 1833 quarta

351 1842 715 1919 Argitheam.
760 1842 843 1902 ita
863 1840 1019 1901 inter
1042 1841 1239 1903 omnis
1264 1841 1570 1914 convenit,
1602 1850 1668 1903 ut
1691 1842 1886 1916 primo
1912 1839 2118 1916 quieti,
2143 1841 2317 1901 velut

344 1928 423 1988 ad
456 1926 752 2004 privatam
779 1940 910 1987 rem
939 1926 1239 2001 agendam
1265 1926 1614 2000 venissent,
1645 1927 1705 1987 in
1737 1927 1870 1986 foro
1903 1925 2314 1987 obversaren-

348 2020 471 2082 tur3
517 2012 619 2072 die
648 2017 813 2072 certa
841 2011 1282 2071 multitudinem
1313 2027 1556 2072 omnem
1587 2018 2000 2071 convocarent
2027 2012 2106 2070 ad
2127 2025 2314 2085 prae—

346 2096 505 2155 sidia
525 2095 931 2156 Macedonum
960 2095 1203 2155 arcibus
1236 2093 1623 2172 expellenda.
1668 2093 1772 2154 ubi
1809 2109 1882 2154 ea
1903 2095 2035 2154 dies
2060 2092 2317 2155 advenit

345 2187 405 2240 et
429 2178 830 2256 Amynander
860 2195 996 2238 cum
1026 2179 1187 2238 mille
1214 2176 1452 2240 Aetolis
1483 2178 1544 2238 in
1574 2177 1801 2238 finibus
1831 2185 1990 2254 erat,
2033 2195 2112 2240 ex
2143 2194 2314 2240 com-

345 2263 551 2338 posito
578 2271 865 2339 quattuor
887 2263 1066 2324 simul
1088 2262 1244 2322 locis
1268 2261 1578 2338 praesidia
1595 2262 2001 2322 Macedonum
2027 2262 2315 2337 expulsa,

343 2346 702 2423 litteraeque
731 2345 792 2406 in
820 2347 973 2406 alias
1002 2347 1191 2407 urbes
1222 2348 1456 2421 passim
1485 2346 1805 2417 dimissae,
1835 2353 1904 2407 ut
1927 2345 2317 2408 vindicarent

343 2445 487 2490 sese
530 2430 608 2491 ab
649 2431 968 2508 impotenti
1003 2429 1418 2492 dominatione
1443 2427 1706 2506 Philippi
1735 2435 1796 2488 et
1825 2429 2219 2490 restituerent
2248 2429 2312 2488 in

340 2512 602 2590 patrium
631 2530 704 2576 ac
734 2514 1063 2590 legitimum
1083 2531 1359 2590 regnum.
1403 2513 1677 2587 undique
1697 2511 2072 2574 Macedones
2096 2514 2313 2588 expel-

341 2599 565 2660 luntur.
603 2598 855 2659 Theium
886 2599 1177 2674 oppidum
1206 2598 1420 2660 litteris
1450 2615 1489 2658 a
1508 2598 1764 2658 Xenone
1791 2597 2101 2672 praefecto
2128 2612 2312 2672 prae·

340 2681 484 2741 sidii
523 2682 877 2756 interceptis
921 2691 982 2742 et
1022 2697 1163 2742 arce
1205 2683 1282 2742 ab
1322 2682 1508 2757 regiis
1553 2689 1856 2756 occupata
1895 2696 2132 2756 paucos
2173 2681 2312 2741 dies

344 2762 774 2825 obsidentibus
815 2762 1063 2836 restitit3
1128 2765 1354 2825 deinde
1392 2767 1455 2825 id
1497 2781 1749 2840 quoque
1787 2764 2071 2825 traditum
2113 2766 2311 2842 Amy-

340 2847 575 2908 nandro
618 2855 743 2921 est,
790 2855 849 2908 et
890 2849 1088 2909 omnis
1118 2848 1478 2909 Athamania
1519 2850 1581 2908 in
1621 2853 1925 2924 potestate
1965 2856 2096 2909 erat
2125 2863 2311 2924 prae·

346 2939 434 2991 ter
461 2931 843 2992 Athenaeum
872 2933 1217 3006 castellum,
1260 2933 1485 2994 finibus
1513 2932 1914 2994 Macedoniae
1942 2931 2310 2993 subiectum.

340 3015 412 3074 Π.
447 3014 767 3092 Philippus
798 3015 1007 3076 audita
1036 3015 1383 3084 defectione
1405 3016 1808 3078 Athamaniae
1835 3031 1974 3076 cum
2005 3031 2116 3077 sex
2149 3015 2308 3076 mili-

343 3098 457 3158 bus
486 3107 855 3161 armatorum
883 3099 1200 3175 profectus
1230 3099 1462 3176 ingenti
1491 3099 1800 3162 celeritate
1825 3099 2140 3174 Gomphos
2163 3115 2303 3174 per·

341 3182 523 3242 venit.
565 3182 649 3243 ibi
677 3182 891 3244 relicta
918 3182 1150 3245 maiore
1172 3191 1348 3260 parte
1371 3181 1678 3248 exercitus
1699 3216 1787 3228 —-
1810 3199 2014 3260 neque
2036 3181 2199 3250 enim
2223 3183 2310 3243 ad

345 3272 507 3327 tanta
553 3267 769 3328 itinera
799 3267 1183 3348 *sufficerent
1206 3299 1296 3312 -
1325 3283 1463 3328 cum
1514 3267 1756 3329 duobus
1811 3264 2057 3327 milibus
2114 3265 2305 3326 Athe-

341 3365 580 3422 naeum,
615 3350 784 3426 quod
814 3367 1003 3412 unum
1034 3368 1070 3411 a
1098 3352 1412 3426 praesidio
1445 3369 1560 3413 suo
1589 3358 1889 3412 retentum
1917 3350 2130 3421 fuerat,
2163 3363 2306 3424 per·

342 3431 523 3492 venit.
568 3432 713 3493 inde
734 3433 1030 3508 proximis
1064 3435 1367 3510 temptatis
1398 3451 1534 3495 cum
1563 3435 1742 3495 facile
1770 3432 2309 3502 animadvertisset

344 3521 545 3574 cetera
584 3515 831 3576 hostilia
858 3531 1032 3593 esse,
1075 3517 1392 3594 Gomphos
1427 3535 1751 3597 regressus
1789 3515 2072 3578 omnibus
2101 3513 2306 3592 copiis
