2548 3950
587 215 820 278 LLBER
845 217 1112 278 XXXIV.
1161 219 1546 282 CAP.13.14.
1594 227 1665 294 [a.
1692 230 1755 280 c,
1783 224 1907 297 195]
2107 222 2229 289 137

258 369 545 447 optastist,
581 367 764 451 venit,
796 385 919 444 quo
949 370 1127 430 vobis
1153 370 1429 444 potestas
1459 370 1633 432 fieret
1660 372 1942 434 virtutem
1963 383 2233 443 vestram

257 451 615 514 ostendere.
658 451 858 512 adhuc
887 452 1272 529 praedonum
1303 455 1499 530 magis
1532 468 1715 529 quam
1743 457 2093 519 bellantium
2123 461 2233 520 mi·

257 536 484 600 litastis
514 537 716 596 more:
763 538 924 596 nunc
953 537 1113 598 iusta
1141 540 1351 614 pugna
1371 538 1587 600 hostes
1614 550 1751 600 cum
1780 539 2063 603 hostibus
2087 558 2233 605 con—

253 620 484 683 ·s'erctis
515 621 780 680 manum.
825 625 950 681 non
973 632 1155 696 agros
1179 621 1324 682 inde
1345 624 1644 699 populari,
1679 623 1795 684 sed
1812 625 2053 686 urbium
2079 632 2234 702 opes

258 703 592 764 exhaurire
631 694 855 782 licebit.
923 708 1130 780 patres
1159 707 1384 780 nostri,
1431 721 1569 767 cum
1596 707 1895 782 Hispania
1922 708 2233 786 Carthagi·
2325 746 2328 750 »

258 787 566 848 niensium
593 778 651 847 et
670 787 754 846 lin*
794 793 1072 849 'eratores
1096 789 1178 849 ibi
1203 795 1263 848 et
1286 790 1593 851 exercitus
1615 798 1845 867 essent,
1861 791 1983 868 ipsi
2006 794 2235 854 nullum

258 872 331 932 in
362 873 436 932 ea
459 862 712 932 'militem
791 869 1074 946 aberent,
1116 877 1320 932 tamen
1352 874 1580 932 addere
1606 874 1727 935 hoc
1754 875 1814 934 in
1848 877 2099 937 foedere
2125 894 2233 938 vo-

258 953 534 1029 luerunt,
584 961 652 1015 ut
695 956 932 1037 imperii
980 949 1075 1016 s'ui
1113 944 1328 1018 Iberus
1372 955 1598 1018 fluvius
1641 959 1810 1020 esset
1848 958 2009 1019 finis.
2070 977 2239 1022 nunc

261 1040 409 1100 eum
439 1038 562 1117 duo
595 1042 945 1114 praetores,
989 1051 1128 1100 cum
1159 1041 1405 1115 consul,
1452 1044 1590 1102 c'um
1618 1048 1745 1102 tres
1778 1043 2083 1104 exercitus
2112 1045 2231 1105 Βο»

258 1123 430 1183 mani
455 1108 816 1199 Hispaniam
859 1123 1198 1198 obtineant,
1240 1120 1827 1200 Carthaginiensium
1869 1126 2086 1187 decem
2113 1127 2238 1188 iam

260 1208 478 1285 prope⁵
508 1207 687 1268 antiis
731 1210 911 1268 nemo
953 1209 1016 1268 in
1045 1208 1143 1268 his
1187 1210 1521 1284 provinciis
1551 1211 1658 1285 sit,
1702 1211 2024 1285 imperium
2054 1211 2237 1272 nobis

261 1291 420 1350 citra
446 1279 687 1373 iberum
718 1292 1014 1353 amissum
1045 1299 1156 1370 est.
1203 1291 1325 1356 hoc
1347 1294 1530 1354 armis
1555 1300 1616 1354 et
1634 1293 1857 1354 virtute
1877 1295 2236 1371 reciperetis

261 1381 530 1450 oportet,
561 1378 622 1436 et
649 1375 957 1436 nationem
984 1371 1379 1436 rebellantem
1406 1378 1601 1452 magis
1625 1381 1855 1442 temere
1882 1393 2065 1452 quam
2090 1394 2233 1436 con-

262 1463 499 1520 stanter
535 1452 866 1520 bellantem
903 1461 1144 1535 iugum,
1189 1468 1311 1535 quo
1354 1473 1425 1519 se
1460 1460 1654 1535 exuit,
1702 1459 1986 1535 accipere
2016 1477 2238 1521 rursus

265 1541 567 1618 cogatis.“
629 1543 691 1602 in
724 1541 888 1604 hunc
927 1540 1178 1603 modum
1205 1544 1467 1602 maxime
1497 1540 1854 1604 adhortatus
1885 1543 2238 1619 pronuntiat

262 1640 342 1687 se
369 1632 549 1688 nocte
579 1625 657 1687 ad
687 1632 890 1688 castra
917 1627 1186 1688 hostium
1215 1627 1555 1688 ducturum.
1614 1628 1697 1688 ita
1725 1628 1804 1687 ad
1836 1641 2100 1703 corpora
2131 1641 2234 1688 cu·

260 1709 463 1770 randa
491 1708 750 1771 dimissi.

267 1804 280 1808 ·
443 1794 602 1854 XIV.
648 1795 834 1855 nocte
873 1788 1106 1868 media,
1150 1803 1287 1855 cum
1335 1792 1613 1870 auspicio
1655 1804 1909 1870 operam
1939 1795 2240 1869 dedisset,

261 1878 602 1955 profectae,
635 1884 703 1939 ut
729 1880 932 1939 locum
965 1886 1147 1953 quem
1177 1879 1379 1952 vellet,
1412 1876 1773 1953 priusquam
1803 1876 2017 1939 hostes
2050 1877 2235 1938 senti-

260 1968 420 2035 rent,
445 1967 710 2038 caperet‚
735 1967 979 2038 praeter
1001 1966 1206 2024 castra
1226 1961 1493 2023 hostium
1517 1961 1931 2037 circumducit,
1956 1967 2018 2021 et
2040 1963 2242 2037 prima

261 2048 408 2106 luce
441 2047 574 2105 acie
601 2045 899 2108 instructa
933 2046 1049 2106 sub
1078 2046 1285 2121 ipsum
1314 2047 1537 2107 vallum
1565 2051 1692 2107 tres
1724 2044 2011 2107 cohortes
2044 2045 2236 2106 mittit.

265 2130 560 2209 mirantes
598 2121 844 2191 barbari
886 2129 962 2189 ab
1005 2137 1178 2203 tergo
1220 2130 1589 2205 apparuisse
1616 2130 1959 2191 Romanum
2001 2129 2235 2189 discur-

263 2223 410 2274 rere
447 2212 570 2289 ipsi
611 2212 694 2274 ad
736 2221 920 2273 arma.
985 2212 1226 2272 interim
1257 2212 1472 2273 consul
1505 2213 1668 2287 apud
1700 2220 1852 2273 suos
1892 2228 2242 2287 „nusquam

265 2297 389 2357 nisi
415 2298 478 2358 in
507 2297 729 2359 virtute
758 2306 906 2371 spes
934 2303 1046 2370 est,
1075 2296 1295 2356 milites
1314 2298 1370 2366 ;“
1401 2295 1598 2371 inquit
1626 2302 1727 2370 „et
1750 2301 1865 2369 ego
1891 2293 2129 2367 sedulo,
2161 2309 2244 2353 ne

268 2388 466 2455 esset,
497 2382 636 2441 feci.
702 2382 858 2441 inter
885 2385 1091 2441 castra
1117 2386 1331 2440 nostra
1360 2386 1421 2440 et
1446 2394 1562 2440 nos
1592 2376 1775 2439 medii
1806 2378 2041 2451 hostes,
2072 2382 2133 2436 et
2159 2376 2243 2436 ab

264 2470 445 2539 tergo
479 2465 749 2527 hostium
778 2480 926 2540 ager
953 2470 1066 2525 est.
1134 2464 1303 2539 quod
1329 2459 1831 2539 pulcherrimum,
1874 2461 2037 2521 i'd‘em
2068 2461 2237 2521 tutis-

269 2548 509 2625 simum,
532 2549 595 2609 in
619 2550 838 2609 virtute
861 2563 1036 2624 spem
1059 2548 1324 2623 positam
1337 2547 1626 2607 habere.“
1654 2548 1769 2609 sub
1782 2546 1939 2606 haec
1955 2543 2240 2605 cohortes

267 2632 466 2708 recipi
506 2632 701 2707 iubet,
755 2638 820 2693 ut
858 2631 1158 2693 barbaros
1203 2632 1589 2692 simulatione
1630 2633 1813 2706 fugae
1854 2630 2119 2691 eliceret.
2176 2628 2239 2689 id

273 2716 445 2790 quod
475 2716 821 2777 crediderat
849 2716 1069 2779 evenit.
1114 2713 1507 2791 pertimuisse
1534 2720 1595 2777 et
1625 2715 1847 2777 cedere
1872 2715 1987 2775 rati
2015 2715 2238 2775 Roma·

269 2814 392 2860 nos
421 2807 600 2875 porta
630 2805 972 2875 erumpunt,
1002 2805 1062 2858 et
1092 2806 1385 2875 quantum
1412 2799 1568 2861 inter
1594 2805 1799 2861 castra
1827 2811 1944 2860 sua
1965 2803 2027 2858 et
2048 2797 2241 2857 aciem

271 2882 541 2945 hostium
567 2883 844 2944 relictum
868 2889 1003 2943 erat
1029 2883 1180 2958 loci,
1223 2884 1469 2945 armatis
1497 2885 1824 2959 complent.
1882 2883 2029 2942 dum
2057 2879 2239 2954 trepi-

275 2965 424 3027 dant
470 2968 605 3028 a'cie
652 2968 1043 3040 instruenda,
1101 2968 1321 3029 consul
1370 2968 1491 3027 iam
1540 2966 1767 3043 paratis
1818 2963 2243 3037 ordinatisque

275 3051 558 3112 omnibus
583 3051 1026 3127 incompositos
1051 3051 1422 3128 adgreditur.
1461 3051 1699 3126 equites
1724 3048 1953 3124 primos
1976 3046 2053 3105 ab
2076 3051 2239 3105 utro-

277 3147 400 3208 que
448 3149 645 3195 cornu
684 3136 746 3196 in
788 3147 1057 3210 pugnam
1097 3134 1349 3195 inducit.
1419 3129 1532 3193 sed
1573 3134 1635 3192 in
1675 3133 1891 3191 dextro
1933 3127 2240 3201 extemplo

273 3217 467 3291 pulsi,
511 3217 931 3295 cedentesque
959 3218 1183 3294 trepidi
1211 3218 1389 3277 etiam
1422 3215 1610 3292 pediti
1638 3222 1935 3274 terrorem
1964 3211 2238 3272 intulere.

277 3300 454 3375 quod
487 3294 594 3362 ubi
637 3299 855 3364 consui
887 3298 1062 3380 vidit,
1107 3299 1260 3361 duas
1293 3294 1581 3359 'cohortes
1612 3298 1883 3357 delectas
1916 3296 1991 3355 ab
2022 3295 2244 3355 dextro

273 3382 465 3444 latere
496 3384 766 3446 hostium
796 3384 1170 3445 circumduci
1197 3384 1383 3456 iubet,
1416 3386 1478 3442 et
1507 3382 1582 3442 ab
1606 3387 1777 3456 tergo
1801 3395 1872 3440 se
1895 3377 2241 3451 ostendere,

269 3466 635 3545 priusquam
669 3475 1106 3530 concurrerent
1133 3466 1409 3544 peditum
1433 3466 1618 3526 acies.
1661 3465 1717 3525 is
1746 3470 1943 3525 terror
1965 3462 2248 3524 obiectus
