2548 3950
414 189 643 251 LIBER
663 189 990 250 XXXVHI.
1014 189 1175 252 ΟΑΡ.
1191 197 1381 254 41.42.
1405 194 1478 267 [a.
1501 196 1566 250 υ.
1584 206 1630 249 e.
1648 200 1768 254 565.
1795 213 1842 252 a.
1861 198 1926 248 c.
1943 195 2064 277 18⁷]
2107 191 2233 257 357

269 341 423 404 tinis
458 341 651 403 filium
689 354 802 414 per
828 339 1070 404 medios
1096 339 1310 400 hostes
1340 355 1478 402 eum
1507 347 1744 402 centum
1781 341 2032 406 delectis
2063 345 2231 420 equi-

266 425 439 489 tibus
470 423 858 500 perrupisset
902 422 1163 498 eundem
1192 439 1356 496 mox,
1385 437 1526 492 ,cum
1553 423 1674 488 iam
1703 424 1988 490 Muttines
2017 427 2080 488 in
2107 443 2233 491 me-

269 508 379 570 dio
424 505 767 582 elephantis
809 505 1155 580 collocatis,
1196 505 1258 567 in
1302 521 1535 568 cornua
1577 507 1884 583 equitibus
1915 509 2232 585 dispositis

183 651 189 657 .
266 605 521 657 manum
562 605 701 654 cum
726 589 907 652 hoste
936 589 1383 664 conseruisset,
1426 596 1720 652 terrorem
1747 590 1825 655 ab
1853 597 2024 668 tergo
2055 609 2232 668 prae-

266 674 521 748 buisse,
552 679 737 748 atque
764 673 911 736 inde
935 673 1212 736 turbatos
1240 675 1513 749 equestri
1543 675 1709 736 velut
1735 676 2007 750 procella
2033 677 2230 740 hostis

267 759 355 822 acl
383 757 659 833 peditum
683 771 904 832 agmen
926 773 1051 820 non
1074 758 1440 820 accessisse.
1486 756 1589 819 Cn.
1613 757 1874 821 Manlius
1897 774 2012 835 per
2028 759 2231 822 Mace·

268 841 518 903 doniam
548 839 613 904 in
646 839 1027 905 Thessaliam
1066 841 1402 904 exercitum
1437 841 1722 906 traduxit.
1775 839 1922 904 inde
1947 859 2062 918 per
2087 843 2231 919 Epi·

265 941 406 988 rum
432 924 822 1000 Apolloniam
860 939 999 988 cum
1042 923 1452 1000 pervenisset,
1494 925 1766 992 nendum
1790 925 1950 987 adeo
1975 925 2232 990 hiberno

271 1013 623 1084 contempto
646 1007 814 1084 mari,
830 1014 899 1072 ut
916 1007 1173 1072 traicere
1194 1008 1466 1084 auderet,
1482 1008 1850 1084 Apolloniae
1871 1008 2230 1072 hibernavit.

440 1091 617 1156 XLII.
660 1090 844 1154 Exitu
870 1107 1068 1168 prope
1097 1092 1240 1152 anni
1267 1093 1349 1164 M.
1378 1092 1665 1158 Valerius
1696 1093 1914 1156 consul
1935 1107 2022 1158 ex
2049 1093 2231 1170 Ligu-

266 1174 442 1245 ribus
472 1174 553 1236 ad
580 1174 967 1250 magistratus
998 1175 1431 1251 subrogandos
1451 1177 1712 1239 Romam
1733 1177 1900 1240 venit
1919 1177 2088 1238 nulla
2107 1193 2232 1241 me-

268 1258 550 1334 morabili
590 1257 650 1318 in
693 1257 1011 1333 provincia
1056 1265 1233 1332 gesta
1272 1273 1372 1334 re,
1423 1267 1492 1322 ut
1534 1275 1610 1320 ea
1650 1259 1986 1335 probabilis
2025 1276 2230 1323 morae

270 1357 465 1405 causa
490 1348 675 1416 esset,
710 1341 878 1416 quod
906 1341 1089 1404 solito
1112 1342 1314 1408 serius
1337 1342 1418 1405 ad
1439 1343 1684 1406 comitia
1701 1343 1994 1406 venisset.
2045 1343 2228 1407 comi-

146 1495 153 1500 ·
269 1426 354 1485 tia
395 1425 751 1489 consulibus
798 1425 1095 1500 rogandis
1134 1425 1381 1492 fuerunt
1419 1433 1559 1489 ante
1599 1427 1760 1490 diem
1803 1425 2230 1490 duodecimum

270 1507 403 1572 Kal.
444 1507 727 1572 Martiam
784 1509 973 1570 creati
1010 1507 1093 1572 M.
1133 1509 1428 1571 Aemilius
1471 1509 1743 1584 Lepidus
1787 1508 1850 1569 C.
1877 1509 2228 1570 Flaminius,

268 1597 523 1670 postero
550 1590 651 1661 die
676 1598 995 1668 praetores
1024 1591 1169 1652 facti
1194 1593 1316 1670 Ap.
1349 1593 1636 1658 Claudius
1663 1591 1923 1653 Pulcher
1939 1590 2072 1653 Ser.
2097 1591 2226 1654 Sul·

266 1674 469 1750 picius
514 1675 703 1736 Galba
744 1673 814 1748 Q..
840 1674 1155 1742 Terentius
1197 1675 1405 1741 Culleo
1433 1677 1501 1738 L.
1531 1675 1848 1746 Terentius
1875 1675 2235 1740 Massaliota

270 1757 337 1833 Q.
366 1757 617 1822 Fulvius
656 1757 913 1822 Flaccus
943 1757 1023 1820 M.
1052 1757 1271 1823 Furius
1315 1757 1654 1834 Crassipes.
1727 1759 1988 1826 comitiis
2031 1762 2230 1834 perfe-

266 1841 399 1916 ctiS,
432 1858 589 1918 quas
617 1839 969 1919 provincias
998 1841 1389 1917 praetoribus
1419 1857 1563 1910 esse
1583 1844 1873 1918 placeret,
1903 1843 2131 1906 rettulit
2151 1844 2232 1905 ad

268 1933 545 1989 senatum
587 1927 823 1991 consul.
880 1926 1286 1989 decreverunt
1324 1925 1482 1989 duas
1521 1925 1754 1991 Romae
1793 1925 1944 1990 iuris
1983 1925 2232 1991 dicundi

270 2024 477 2079 causa,
512 2007 667 2072 duas
696 2014 872 2072 extra
898 2008 1149 2080 ltaliam,
1186 2007 1457 2073 Siciliam
1485 2024 1560 2073 ac
1589 2006 1950 2083 Sardiniam,
1980 2007 2138 2075 duas
2167 2010 2231 2073 in

266 2091 456 2167 Italia,
482 2091 807 2155 Tarentum
838 2097 899 2154 et
928 2090 1199 2159 Galliam.
1274 2098 1338 2152 et
1361 2094 1666 2169 extemplo
1683 2139 1698 2167 ,
1729 2092 2091 2169 priusquam
2119 2092 2229 2157 ini·

266 2182 404 2238 rent
440 2173 891 2251 magistratum,
933 2174 1138 2235 sortiri
1164 2174 1338 2241 iussi.
1414 2174 1544 2239 Ser.
1575 2175 1884 2251 Sulpicius
1913 2176 2226 2250 urbanam,

271 2257 337 2337 Q.
376 2257 695 2323 Terentius
735 2256 1121 2335 peregrinam
1162 2266 1257 2321 est
1298 2259 1578 2333 sortitus,
1622 2260 1689 2319 L.
1715 2259 2032 2321 Terentius
2077 2258 2229 2323 Sici-

268 2343 439 2414 liam,
481 2339 547 2415 Q.
576 2338 829 2403 Fulvius
861 2339 1243 2421 Sardiniam,
1278 2342 1398 2422 Ap.
1439 2333 1730 2403 Claudius
1755 2344 2100 2417 Tarentum,
2143 2342 2225 2405 M.

268 2423 484 2505 Furius
517 2423 787 2489 Galliam.

430 2506 524 2573 Eo
564 2524 726 2573 anno
770 2508 836 2571 L.
866 2504 1169 2573 Minucius
1208 2507 1494 2586 Myrtilus
1535 2516 1596 2571 et
1620 2509 1686 2568 L.
1719 2509 2010 2583 Mamilia,
2059 2511 2230 2585 quod

266 2592 502 2669 legatos
518 2590 1048 2668 Carthaginienses
1073 2593 1362 2667 pulsasse
1385 2591 1756 2664 dicebantur,
1773 2592 1950 2655 iussu
1959 2592 2040 2654 Μ.
2055 2593 2227 2656 Clau-

268 2674 347 2739 dii
378 2675 679 2751 praetoris
719 2674 891 2740 urbis
933 2690 1047 2754 per
1088 2676 1324 2739 fetiales
1352 2676 1553 2741 traditi
1583 2684 1724 2737 sunt
1750 2676 1966 2753 legatis
1997 2684 2058 2737 et
2085 2677 2226 2739 Car-

264 2757 569 2839 thaginem
594 2758 811 2827 avecti.
2229 2826 2231 2829 Α

428 2842 497 2906 In
523 2842 848 2918 Liguribus
889 2843 1094 2918 magni
1137 2844 1277 2907 belli
1321 2850 1382 2905 et
1419 2844 1731 2919 gliscentis
1774 2844 1834 2902 in
1867 2844 1999 2905 dies
2030 2844 2226 2919 magis

271 2924 425 2987 fama
455 2934 601 2988 erat.
644 2927 854 3000 itaque
886 2927 1242 2989 consulibus
1273 2928 1470 2997 novis,
1501 2944 1622 3001 quo
1654 2926 1753 2985 die
1785 2927 1862 2986 de
1893 2927 2224 3001 provinciis

270 3013 327 3067 et
352 3006 429 3069 c'le
456 3023 526 3067 re
553 3006 801 3085 publiea
822 3009 1195 3081 rettulerunt,
1230 3015 1481 3069 senatus
1503 3006 1783 3082 utrisque
1803 3008 2058 3091 Ligures
2083 3024 2224 3086 pro-

266 3088 521 3153 vinciam
564 3090 855 3153 decrevit.
919 3088 1063 3151 huie
1104 3098 1359 3155 senatus
1395 3092 1676 3154 consulto
1705 3091 1976 3165 Lepidus
2007 3094 2225 3153 consul

267 3171 708 3247 intercedebat,
752 3170 1067 3247 indignum
1107 3190 1250 3237 esse
1281 3174 1660 3254 ‚praedicans
1689 3176 1979 3245 eonsules
2009 3174 2224 3235 ambos

267 3256 326 3316 in
365 3257 559 3317 valles
599 3256 891 3332 Ligurum
938 3258 1195 3333 includi,
1243 3258 1325 3320 M.
1365 3258 1646 3321 Fulvium
1687 3265 1749 3320 et
1787 3257 1892 3317 Cn.
1935 3258 2226 3320 Manlium

266 3338 573 3402 biennium
615 3340 765 3415 iam,
809 3342 1059 3402 alterum
1101 3342 1162 3401 in
1190 3342 1439 3419 Europa
1467 3344 1720 3405 alterum
1749 3342 1809 3401 in
1839 3342 2021 3415 Asia,
2059 3342 2226 3402 velut

272 3438 379 3485 nro
409 3422 689 3501 Philippo
726 3430 910 3500 atque
931 3426 1235 3487 Antiocho
1259 3426 1623 3489 substitutos
1651 3440 1929 3501 regnare.
1973 3425 2026 3485 si
2047 3440 2222 3487 exer-
