<?xml version="1.0" encoding="UTF-8"?>
<!DOCTYPE html PUBLIC "-//W3C//DTD XHTML 1.0 Transitional//EN"
    "http://www.w3.org/TR/xhtml1/DTD/xhtml1-transitional.dtd">
<html xmlns="http://www.w3.org/1999/xhtml" xml:lang="en" lang="en">
 <head>
  <title>
</title>
<meta http-equiv="Content-Type" content="text/html;charset=utf-8" />
  <meta name='ocr-system' content='tesseract 3.04.00' />
  <meta name='ocr-capabilities' content='ocr_page ocr_carea ocr_par ocr_line ocrx_word'/>
</head>
<body>
  <div class='ocr_page' id='page_1' title='image "./aburbeconditali14livygoog_0128.png"; bbox 0 0 2548 3950; ppageno 0'>
   <div class='ocr_carea' id='block_1_1' title="bbox 596 209 2244 300">
    <p class='ocr_par' dir='ltr' id='par_1_1' title="bbox 596 209 2244 300">
     <span class='ocr_line' id='line_1_1' title="bbox 596 209 2244 300; baseline 0.008 -31"><span class='ocrx_word' id='word_1_1' title='bbox 596 209 831 300; x_wconf 79' lang='lat' dir='ltr'>LIBER</span> <span class='ocrx_word' id='word_1_2' title='bbox 854 209 1121 270; x_wconf 72' lang='lat' dir='ltr'><strong>xxxin.</strong></span> <span class='ocrx_word' id='word_1_3' title='bbox 1166 211 1332 270; x_wconf 81' lang='lat' dir='ltr'><strong>CAP.</strong></span> <span class='ocrx_word' id='word_1_4' title='bbox 1363 221 1450 272; x_wconf 69' lang='grc' dir='ltr'><strong>ιο.</strong></span> <span class='ocrx_word' id='word_1_5' title='bbox 1477 223 1567 276; x_wconf 80' lang='lat'><strong>21.</strong></span> <span class='ocrx_word' id='word_1_6' title='bbox 1613 221 1685 288; x_wconf 70' lang='lat' dir='ltr'><strong>[a.</strong></span> <span class='ocrx_word' id='word_1_7' title='bbox 1719 222 1783 274; x_wconf 91' lang='lat' dir='ltr'><strong>c.</strong></span> <span class='ocrx_word' id='word_1_8' title='bbox 1815 219 1938 294; x_wconf 78' lang='lat'>197]</span> <span class='ocrx_word' id='word_1_9' title='bbox 2124 219 2244 282; x_wconf 75' lang='lat' dir='ltr'><strong>ml</strong></span> 
     </span>
    </p>
   </div>
   <div class='ocr_carea' id='block_1_2' title="bbox 254 359 2244 3557">
    <p class='ocr_par' dir='ltr' id='par_1_2' title="bbox 274 359 2243 438">
     <span class='ocr_line' id='line_1_2' title="bbox 274 359 2243 438; baseline 0.004 -10"><span class='ocrx_word' id='word_1_10' title='bbox 274 367 395 428; x_wconf 84' lang='lat' dir='ltr'><strong>bus</strong></span> <span class='ocrx_word' id='word_1_11' title='bbox 434 359 533 424; x_wconf 89' lang='lat' dir='ltr'><strong>his</strong></span> <span class='ocrx_word' id='word_1_12' title='bbox 574 360 851 438; x_wconf 85' lang='lat' dir='ltr'><strong>aliisque·</strong></span> <span class='ocrx_word' id='word_1_13' title='bbox 882 361 1017 424; x_wconf 83' lang='lat' dir='ltr'><strong>eius</strong></span> <span class='ocrx_word' id='word_1_14' title='bbox 1060 378 1207 423; x_wconf 87' lang='lat' dir='ltr'><strong>orae</strong></span> <span class='ocrx_word' id='word_1_15' title='bbox 1250 363 1527 426; x_wconf 70' lang='lat' dir='ltr'><strong>castellis</strong></span> <span class='ocrx_word' id='word_1_16' title='bbox 1563 376 1670 428; x_wconf 89' lang='lat' dir='ltr'><strong>aut</strong></span> <span class='ocrx_word' id='word_1_17' title='bbox 1697 378 1863 432; x_wconf 87' lang='lat' dir='ltr'><strong>metu</strong></span> <span class='ocrx_word' id='word_1_18' title='bbox 1891 381 1997 432; x_wconf 79' lang='lat' dir='ltr'><strong>aut</strong></span> <span class='ocrx_word' id='word_1_19' title='bbox 2026 374 2243 434; x_wconf 87' lang='lat' dir='ltr'><strong>volun·</strong></span> 
     </span>
    </p>

    <p class='ocr_par' dir='ltr' id='par_1_3' title="bbox 271 444 2244 615">
     <span class='ocr_line' id='line_1_3' title="bbox 271 444 2244 527; baseline 0.004 -15"><span class='ocrx_word' id='word_1_20' title='bbox 271 455 397 512; x_wconf 77' lang='lat' dir='ltr'><strong>tete</strong></span> <span class='ocrx_word' id='word_1_21' title='bbox 428 445 565 508; x_wconf 87' lang='lat' dir='ltr'><strong>sine</strong></span> <span class='ocrx_word' id='word_1_22' title='bbox 594 444 925 508; x_wconf 78' lang='lat' dir='ltr'><strong>cer-tamine</strong></span> <span class='ocrx_word' id='word_1_23' title='bbox 970 445 1032 506; x_wconf 90' lang='lat' dir='ltr'><strong>in</strong></span> <span class='ocrx_word' id='word_1_24' title='bbox 1075 446 1452 508; x_wconf 82' lang='lat' dir='ltr'><strong>deditionem</strong></span> <span class='ocrx_word' id='word_1_25' title='bbox 1494 451 1803 527; x_wconf 82' lang='lat' dir='ltr'><strong>acceptis,</strong></span> <span class='ocrx_word' id='word_1_26' title='bbox 1850 453 2244 519; x_wconf 85' lang='lat' dir='ltr'><strong>Coracesium</strong></span> 
     </span>
     <span class='ocr_line' id='line_1_4' title="bbox 271 529 2241 615; baseline 0.005 -22"><span class='ocrx_word' id='word_1_27' title='bbox 271 540 519 610; x_wconf 84' lang='lat' dir='ltr'><strong>praeter</strong></span> <span class='ocrx_word' id='word_1_28' title='bbox 548 545 725 607; x_wconf 89' lang='lat' dir='ltr'><strong>spem</strong></span> <span class='ocrx_word' id='word_1_29' title='bbox 754 529 982 592; x_wconf 83' lang='lat' dir='ltr'><strong>clausis</strong></span> <span class='ocrx_word' id='word_1_30' title='bbox 1014 529 1209 606; x_wconf 81' lang='lat' dir='ltr'><strong>portis</strong></span> <span class='ocrx_word' id='word_1_31' title='bbox 1237 533 1487 594; x_wconf 80' lang='lat' dir='ltr'><strong>tenebat</strong></span> <span class='ocrx_word' id='word_1_32' title='bbox 1514 549 1674 595; x_wconf 86' lang='lat' dir='ltr'><strong>eum.</strong></span> <span class='ocrx_word' id='word_1_33' title='bbox 1747 535 1831 597; x_wconf 92' lang='lat' dir='ltr'><strong>ibi</strong></span> <span class='ocrx_word' id='word_1_34' title='bbox 1858 538 2044 615; x_wconf 82' lang='lat' dir='ltr'><strong>legati</strong></span> <span class='ocrx_word' id='word_1_35' title='bbox 2070 540 2241 602; x_wconf 84' lang='lat' dir='ltr'><strong>Rho-</strong></span> 
     </span>
    </p>

    <p class='ocr_par' dir='ltr' id='par_1_4' title="bbox 271 612 2240 696">
     <span class='ocr_line' id='line_1_5' title="bbox 271 612 2240 696; baseline 0.004 -19"><span class='ocrx_word' id='word_1_36' title='bbox 271 619 513 678; x_wconf 86' lang='lat' dir='ltr'><strong>diorum</strong></span> <span class='ocrx_word' id='word_1_37' title='bbox 540 612 751 676; x_wconf 82' lang='lat' dir='ltr'><strong>auditi.</strong></span> <span class='ocrx_word' id='word_1_38' title='bbox 797 621 865 676; x_wconf 80' lang='lat' dir='ltr'><strong>ct</strong></span> <span class='ocrx_word' id='word_1_39' title='bbox 888 630 1260 691; x_wconf 83' lang='lat' dir='ltr'><strong>quamquam</strong></span> <span class='ocrx_word' id='word_1_40' title='bbox 1291 631 1367 676; x_wconf 86' lang='lat' dir='ltr'><strong>ea</strong></span> <span class='ocrx_word' id='word_1_41' title='bbox 1395 614 1618 693; x_wconf 79' lang='lat' dir='ltr'><strong>legatio</strong></span> <span class='ocrx_word' id='word_1_42' title='bbox 1649 628 1796 694; x_wconf 89' lang='lat' dir='ltr'><strong>erat,</strong></span> <span class='ocrx_word' id='word_1_43' title='bbox 1831 638 1991 696; x_wconf 86' lang='lat' dir='ltr'><strong>quae</strong></span> <span class='ocrx_word' id='word_1_44' title='bbox 2020 638 2240 684; x_wconf 87' lang='lat' dir='ltr'><strong>aecen-</strong></span> 
     </span>
    </p>

    <p class='ocr_par' dir='ltr' id='par_1_5' title="bbox 266 697 2240 1102">
     <span class='ocr_line' id='line_1_6' title="bbox 269 697 2238 797; baseline 0.004 -34"><span class='ocrx_word' id='word_1_45' title='bbox 269 702 423 763; x_wconf 81' lang='lat' dir='ltr'><strong>dere</strong></span> <span class='ocrx_word' id='word_1_46' title='bbox 448 698 687 776; x_wconf 77' lang='lat' dir='ltr'><strong>regium</strong></span> <span class='ocrx_word' id='word_1_47' title='bbox 714 697 984 760; x_wconf 81' lang='lat' dir='ltr'><strong>animum</strong></span> <span class='ocrx_word' id='word_1_48' title='bbox 1014 706 1262 774; x_wconf 80' lang='lat' dir='ltr'><strong>posset,</strong></span> <span class='ocrx_word' id='word_1_49' title='bbox 1303 701 1669 797; x_wconf 80' lang='lat' dir='ltr'><strong>temperavit</strong></span> <span class='ocrx_word' id='word_1_50' title='bbox 1707 701 1865 776; x_wconf 87' lang='lat' dir='ltr'><strong>irae,</strong></span> <span class='ocrx_word' id='word_1_51' title='bbox 1909 714 1972 767; x_wconf 89' lang='lat' dir='ltr'><strong>et</strong></span> <span class='ocrx_word' id='word_1_52' title='bbox 1996 706 2238 781; x_wconf 87' lang='lat' dir='ltr'><strong>legatos</strong></span> 
     </span>
     <span class='ocr_line' id='line_1_7' title="bbox 268 749 2239 864; baseline 0.004 -18"><span class='ocrx_word' id='word_1_53' title='bbox 268 801 353 846; x_wconf 84' lang='lat' dir='ltr'><strong>se</strong></span> <span class='ocrx_word' id='word_1_54' title='bbox 369 783 655 848; x_wconf 78' lang='lat' dir='ltr'><strong>Rhodum</strong></span> <span class='ocrx_word' id='word_1_55' title='bbox 694 781 1036 844; x_wconf 81' lang='lat' dir='ltr'><strong>missurum·</strong></span> <span class='ocrx_word' id='word_1_56' title='bbox 1064 783 1390 858; x_wconf 83' lang='lat' dir='ltr'><strong>respondit</strong></span> <span class='ocrx_word' id='word_1_57' title='bbox 1428 783 1634 861; x_wconf 88' lang='lat' dir='ltr'><strong>iisque</strong></span> <span class='ocrx_word' id='word_1_58' title='bbox 1675 749 2132 864; x_wconf 78' lang='lat' dir='ltr'><strong>mandaturum,</strong></span> <span class='ocrx_word' id='word_1_59' title='bbox 2173 799 2239 853; x_wconf 85' lang='grc' dir='ltr'><strong>ιιι</strong></span> 
     </span>
     <span class='ocr_line' id='line_1_8' title="bbox 266 865 2240 950; baseline 0.004 -22"><span class='ocrx_word' id='word_1_60' title='bbox 266 873 643 930; x_wconf 66' lang='lat' dir='ltr'><strong>renovarent</strong></span> <span class='ocrx_word' id='word_1_61' title='bbox 663 872 916 928; x_wconf 83' lang='lat' dir='ltr'><strong>vetusta</strong></span> <span class='ocrx_word' id='word_1_62' title='bbox 949 865 1091 927; x_wconf 85' lang='lat' dir='ltr'><strong>iura·</strong></span> <span class='ocrx_word' id='word_1_63' title='bbox 1115 883 1257 934; x_wconf 87' lang='lat' dir='ltr'><strong>cum</strong></span> <span class='ocrx_word' id='word_1_64' title='bbox 1281 882 1357 928; x_wconf 90' lang='lat' dir='ltr'><strong>ea</strong></span> <span class='ocrx_word' id='word_1_65' title='bbox 1388 866 1484 928; x_wconf 82' lang='lat' dir='ltr'><strong>civ</strong></span> <span class='ocrx_word' id='word_1_66' title='bbox 1488 867 1634 931; x_wconf 88' lang='lat' dir='ltr'><strong>itate</strong></span> <span class='ocrx_word' id='word_1_67' title='bbox 1664 886 1780 931; x_wconf 91' lang='lat' dir='ltr'><strong>sua</strong></span> <span class='ocrx_word' id='word_1_68' title='bbox 1811 869 2240 950; x_wconf 84' lang='lat' dir='ltr'><strong>maiorumque</strong></span> 
     </span>
     <span class='ocr_line' id='line_1_9' title="bbox 271 949 2238 1034; baseline 0.001 -20"><span class='ocrx_word' id='word_1_69' title='bbox 271 969 543 1028; x_wconf 81' lang='lat' dir='ltr'><strong>suorum,</strong></span> <span class='ocrx_word' id='word_1_70' title='bbox 566 958 628 1013; x_wconf 88' lang='lat' dir='ltr'><strong>et</strong></span> <span class='ocrx_word' id='word_1_71' title='bbox 651 957 929 1012; x_wconf 82' lang='lat' dir='ltr'><strong>vetarent</strong></span> <span class='ocrx_word' id='word_1_72' title='bbox 946 967 1063 1012; x_wconf 85' lang='lat' dir='ltr'><strong>eos</strong></span> <span class='ocrx_word' id='word_1_73' title='bbox 1082 949 1524 1028; x_wconf 79' lang='lat' dir='ltr'><strong>pertimescere</strong></span> <span class='ocrx_word' id='word_1_74' title='bbox 1544 953 1877 1017; x_wconf 84' lang='lat' dir='ltr'><strong>adventum</strong></span> <span class='ocrx_word' id='word_1_75' title='bbox 1897 955 2064 1034; x_wconf 82' lang='lat' dir='ltr'><strong>regis</strong></span> <span class='ocrx_word' id='word_1_76' title='bbox 2086 956 2238 1018; x_wconf 89' lang='lat' dir='ltr'><strong>nihil</strong></span> 
     </span>
     <span class='ocr_line' id='line_1_10' title="bbox 266 1032 2239 1102; baseline 0.003 -5"><span class='ocrx_word' id='word_1_77' title='bbox 266 1042 375 1100; x_wconf 82' lang='lat' dir='ltr'><strong>aut</strong></span> <span class='ocrx_word' id='word_1_78' title='bbox 392 1034 473 1098; x_wconf 83' lang='lat' dir='ltr'><strong>iis</strong></span> <span class='ocrx_word' id='word_1_79' title='bbox 493 1042 601 1098; x_wconf 85' lang='lat' dir='ltr'><strong>aut</strong></span> <span class='ocrx_word' id='word_1_80' title='bbox 620 1032 815 1096; x_wconf 83' lang='lat' dir='ltr'><strong>sociis</strong></span> <span class='ocrx_word' id='word_1_81' title='bbox 842 1050 1059 1098; x_wconf 85' lang='lat' dir='ltr'><strong>eorum</strong></span> <span class='ocrx_word' id='word_1_82' title='bbox 1080 1034 1308 1098; x_wconf 81' lang='lat' dir='ltr'><strong>noxiae</strong></span> <span class='ocrx_word' id='word_1_83' title='bbox 1329 1037 1597 1098; x_wconf 80' lang='lat' dir='ltr'><strong>futurum</strong></span> <span class='ocrx_word' id='word_1_84' title='bbox 1616 1037 1916 1100; x_wconf 65' lang='lat' dir='ltr'><strong>frauditve.</strong></span> <span class='ocrx_word' id='word_1_85' title='bbox 1947 1055 2090 1101; x_wconf 78' lang='lat' dir='ltr'><strong>nam</strong></span> <span class='ocrx_word' id='word_1_86' title='bbox 2109 1042 2239 1102; x_wconf 87' lang='lat' dir='ltr'><strong>Ro-</strong></span> 
     </span>
    </p>

    <p class='ocr_par' dir='ltr' id='par_1_6' title="bbox 256 1117 2234 2461">
     <span class='ocr_line' id='line_1_11' title="bbox 264 1117 2232 1198; baseline 0.003 -17"><span class='ocrx_word' id='word_1_87' title='bbox 264 1135 587 1183; x_wconf 74' lang='lat' dir='ltr'><strong>manorum</strong></span> <span class='ocrx_word' id='word_1_88' title='bbox 607 1117 945 1180; x_wconf 86' lang='lat' dir='ltr'><strong>amicitiam</strong></span> <span class='ocrx_word' id='word_1_89' title='bbox 956 1135 1027 1180; x_wconf 91' lang='lat' dir='ltr'><strong>se</strong></span> <span class='ocrx_word' id='word_1_90' title='bbox 1050 1136 1176 1182; x_wconf 91' lang='lat' dir='ltr'><strong>non</strong></span> <span class='ocrx_word' id='word_1_91' title='bbox 1200 1119 1570 1182; x_wconf 82' lang='lat' dir='ltr'><strong>violaturum</strong></span> <span class='ocrx_word' id='word_1_92' title='bbox 1591 1131 1952 1198; x_wconf 80' lang='lat' dir='ltr'><strong>argumento</strong></span> <span class='ocrx_word' id='word_1_93' title='bbox 1972 1132 2038 1186; x_wconf 83' lang='lat' dir='ltr'><strong>et</strong></span> <span class='ocrx_word' id='word_1_94' title='bbox 2057 1139 2232 1186; x_wconf 85' lang='lat' dir='ltr'><strong>suam</strong></span> 
     </span>
     <span class='ocr_line' id='line_1_12' title="bbox 261 1203 2232 1281; baseline 0.003 -15"><span class='ocrx_word' id='word_1_95' title='bbox 261 1210 582 1268; x_wconf 74' lang='lat' dir='ltr'>recentem</span> <span class='ocrx_word' id='word_1_96' title='bbox 616 1204 699 1264; x_wconf 77' lang='lat' dir='ltr'><strong>ad</strong></span> <span class='ocrx_word' id='word_1_97' title='bbox 740 1220 853 1265; x_wconf 89' lang='lat' dir='ltr'><strong>eos</strong></span> <span class='ocrx_word' id='word_1_98' title='bbox 893 1203 1264 1281; x_wconf 75' lang='lat' dir='ltr'><strong>legationem</strong></span> <span class='ocrx_word' id='word_1_99' title='bbox 1306 1221 1453 1267; x_wconf 84' lang='lat' dir='ltr'><strong>esse</strong></span> <span class='ocrx_word' id='word_1_100' title='bbox 1497 1213 1560 1267; x_wconf 87' lang='lat' dir='ltr'><strong>et</strong></span> <span class='ocrx_word' id='word_1_101' title='bbox 1600 1215 1858 1269; x_wconf 83' lang='lat' dir='ltr'><strong>senatus</strong></span> <span class='ocrx_word' id='word_1_102' title='bbox 1890 1207 2232 1272; x_wconf 71' lang='lat' dir='ltr'><strong>honorifica</strong></span> 
     </span>
     <span class='ocr_line' id='line_1_13' title="bbox 262 1289 2233 1368; baseline 0.002 -18"><span class='ocrx_word' id='word_1_103' title='bbox 262 1289 331 1350; x_wconf 89' lang='lat' dir='ltr'><strong>in</strong></span> <span class='ocrx_word' id='word_1_104' title='bbox 362 1303 433 1351; x_wconf 88' lang='lat' dir='ltr'><strong>se</strong></span> <span class='ocrx_word' id='word_1_105' title='bbox 459 1289 713 1350; x_wconf 75' lang='lat' dir='ltr'><strong>decreta</strong></span> <span class='ocrx_word' id='word_1_106' title='bbox 736 1303 1203 1365; x_wconf 74' lang='lat' dir='ltr'><strong>responsaquez</strong></span> <span class='ocrx_word' id='word_1_107' title='bbox 1249 1295 1374 1350; x_wconf 87' lang='lat' dir='ltr'><strong>tum</strong></span> <span class='ocrx_word' id='word_1_108' title='bbox 1415 1291 1574 1350; x_wconf 81' lang='lat' dir='ltr'><strong>forte</strong></span> <span class='ocrx_word' id='word_1_109' title='bbox 1603 1291 1788 1368; x_wconf 83' lang='lat' dir='ltr'><strong>legati</strong></span> <span class='ocrx_word' id='word_1_110' title='bbox 1815 1292 2128 1355; x_wconf 77' lang='lat' dir='ltr'><strong>redierant</strong></span> <span class='ocrx_word' id='word_1_111' title='bbox 2153 1293 2233 1354; x_wconf 86' lang='lat' dir='ltr'><strong>ab</strong></span> 
     </span>
     <span class='ocr_line' id='line_1_14' title="bbox 256 1369 2233 1450; baseline 0.001 -15"><span class='ocrx_word' id='word_1_112' title='bbox 256 1375 490 1446; x_wconf 76' lang='lat' dir='ltr'><strong>Roma,</strong></span> <span class='ocrx_word' id='word_1_113' title='bbox 534 1370 789 1434; x_wconf 70' lang='lat' dir='ltr'><strong>couriter</strong></span> <span class='ocrx_word' id='word_1_114' title='bbox 827 1369 1022 1437; x_wconf 82' lang='lat' dir='ltr'><strong>auditi</strong></span> <span class='ocrx_word' id='word_1_115' title='bbox 1048 1371 1448 1448; x_wconf 79' lang='lat' dir='ltr'><strong>dimissique,</strong></span> <span class='ocrx_word' id='word_1_116' title='bbox 1491 1381 1562 1434; x_wconf 82' lang='grc' dir='ltr'><strong>ιιι</strong></span> <span class='ocrx_word' id='word_1_117' title='bbox 1587 1380 1832 1450; x_wconf 87' lang='lat' dir='ltr'><strong>tempus</strong></span> <span class='ocrx_word' id='word_1_118' title='bbox 1866 1377 2233 1450; x_wconf 84' lang='lat' dir='ltr'><strong>postulabat,</strong></span> 
     </span>
     <span class='ocr_line' id='line_1_15' title="bbox 259 1455 2233 1532; baseline 0.003 -14"><span class='ocrx_word' id='word_1_119' title='bbox 259 1457 497 1518; x_wconf 81' lang='lat' dir='ltr'><strong>incerto</strong></span> <span class='ocrx_word' id='word_1_120' title='bbox 526 1456 733 1518; x_wconf 87' lang='lat' dir='ltr'><strong>adhuc</strong></span> <span class='ocrx_word' id='word_1_121' title='bbox 754 1457 1059 1518; x_wconf 78' lang='lat' dir='ltr'><strong>adversus</strong></span> <span class='ocrx_word' id='word_1_122' title='bbox 1080 1455 1428 1532; x_wconf 76' lang='lat' dir='ltr'><strong>Philippum</strong></span> <span class='ocrx_word' id='word_1_123' title='bbox 1450 1462 1677 1520; x_wconf 82' lang='lat' dir='ltr'><strong>eventu</strong></span> <span class='ocrx_word' id='word_1_124' title='bbox 1703 1457 1869 1520; x_wconf 81' lang='lat' dir='ltr'><strong>belli.</strong></span> <span class='ocrx_word' id='word_1_125' title='bbox 1913 1475 2054 1522; x_wconf 82' lang='lat' dir='ltr'><strong>cum</strong></span> <span class='ocrx_word' id='word_1_126' title='bbox 2075 1459 2233 1524; x_wconf 79' lang='lat' dir='ltr'><strong>haec</strong></span> 
     </span>
     <span class='ocr_line' id='line_1_16' title="bbox 258 1539 2234 1617; baseline 0.002 -16"><span class='ocrx_word' id='word_1_127' title='bbox 258 1539 448 1616; x_wconf 83' lang='lat' dir='ltr'><strong>legati</strong></span> <span class='ocrx_word' id='word_1_128' title='bbox 474 1539 639 1617; x_wconf 81' lang='lat' dir='ltr'><strong>regis</strong></span> <span class='ocrx_word' id='word_1_129' title='bbox 668 1539 730 1600; x_wconf 90' lang='lat' dir='ltr'><strong>in</strong></span> <span class='ocrx_word' id='word_1_130' title='bbox 761 1539 1050 1602; x_wconf 85' lang='lat' dir='ltr'><strong>contione</strong></span> <span class='ocrx_word' id='word_1_131' title='bbox 1077 1540 1459 1603; x_wconf 89' lang='lat' dir='ltr'><strong>Rhodiorum</strong></span> <span class='ocrx_word' id='word_1_132' title='bbox 1481 1549 1752 1617; x_wconf 84' lang='lat' dir='ltr'><strong>agerent,</strong></span> <span class='ocrx_word' id='word_1_133' title='bbox 1783 1541 2036 1605; x_wconf 84' lang='lat' dir='ltr'><strong>nuntius</strong></span> <span class='ocrx_word' id='word_1_134' title='bbox 2063 1541 2234 1604; x_wconf 85' lang='lat' dir='ltr'><strong>venit</strong></span> 
     </span>
     <span class='ocr_line' id='line_1_17' title="bbox 260 1622 2227 1704; baseline 0.001 -18"><span class='ocrx_word' id='word_1_135' title='bbox 260 1625 635 1686; x_wconf 79' lang='lat' dir='ltr'><strong>debellatum</strong></span> <span class='ocrx_word' id='word_1_136' title='bbox 674 1625 759 1686; x_wconf 87' lang='lat' dir='ltr'><strong>ad</strong></span> <span class='ocrx_word' id='word_1_137' title='bbox 786 1622 1294 1704; x_wconf 71' lang='lat' dir='ltr'><strong>Cynoscephalas</strong></span> <span class='ocrx_word' id='word_1_138' title='bbox 1324 1641 1488 1688; x_wconf 80' lang='lat' dir='ltr'><strong>esse.</strong></span> <span class='ocrx_word' id='word_1_139' title='bbox 1571 1624 1693 1688; x_wconf 88' lang='lat' dir='ltr'><strong>hoc</strong></span> <span class='ocrx_word' id='word_1_140' title='bbox 1722 1625 1936 1690; x_wconf 85' lang='lat' dir='ltr'><strong>nuntio</strong></span> <span class='ocrx_word' id='word_1_141' title='bbox 1964 1634 2227 1702; x_wconf 83' lang='lat' dir='ltr'><strong>accepto</strong></span> 
     </span>
     <span class='ocr_line' id='line_1_18' title="bbox 259 1707 2230 1785; baseline 0.004 -16"><span class='ocrx_word' id='word_1_142' title='bbox 259 1707 494 1770; x_wconf 67' lang='lat' dir='ltr'><strong>Rhodii⁴</strong></span> <span class='ocrx_word' id='word_1_143' title='bbox 532 1709 781 1784; x_wconf 77' lang='lat' dir='ltr'><strong>dempto</strong></span> <span class='ocrx_word' id='word_1_144' title='bbox 824 1716 991 1770; x_wconf 77' lang='lat' dir='ltr'><strong>metu</strong></span> <span class='ocrx_word' id='word_1_145' title='bbox 1018 1724 1057 1769; x_wconf 90' lang='lat' dir='ltr'><strong>a</strong></span> <span class='ocrx_word' id='word_1_146' title='bbox 1082 1707 1368 1785; x_wconf 83' lang='lat' dir='ltr'><strong>Philippo</strong></span> <span class='ocrx_word' id='word_1_147' title='bbox 1401 1707 1738 1773; x_wconf 79' lang='lat' dir='ltr'><strong>omiserant·</strong></span> <span class='ocrx_word' id='word_1_148' title='bbox 1765 1710 2093 1774; x_wconf 75' lang='lat' dir='ltr'><strong>consilium</strong></span> <span class='ocrx_word' id='word_1_149' title='bbox 2123 1711 2230 1776; x_wconf 81' lang='lat' dir='ltr'><strong>oh-</strong></span> 
     </span>
     <span class='ocr_line' id='line_1_19' title="bbox 260 1791 2229 1859; baseline 0 -6"><span class='ocrx_word' id='word_1_150' title='bbox 260 1791 426 1853; x_wconf 78' lang='lat' dir='ltr'><strong>viam</strong></span> <span class='ocrx_word' id='word_1_151' title='bbox 467 1791 658 1854; x_wconf 68' lang='lat' dir='ltr'><strong>eundi</strong></span> <span class='ocrx_word' id='word_1_152' title='bbox 696 1794 901 1854; x_wconf 78' lang='lat' dir='ltr'><strong>classe</strong></span> <span class='ocrx_word' id='word_1_153' title='bbox 936 1792 1280 1856; x_wconf 73' lang='lat' dir='ltr'><strong>Antiocho:</strong></span> <span class='ocrx_word' id='word_1_154' title='bbox 1332 1791 1496 1854; x_wconf 67' lang='lat' dir='ltr'><strong>illam</strong></span> <span class='ocrx_word' id='word_1_155' title='bbox 1547 1795 1802 1859; x_wconf 65' lang='lat' dir='ltr'><strong>almam</strong></span> <span class='ocrx_word' id='word_1_156' title='bbox 1850 1811 2058 1856; x_wconf 83' lang='lat' dir='ltr'><strong>curam</strong></span> <span class='ocrx_word' id='word_1_157' title='bbox 2103 1810 2229 1856; x_wconf 87' lang='lat' dir='ltr'><strong>non</strong></span> 
     </span>
     <span class='ocr_line' id='line_1_20' title="bbox 260 1874 2225 1941; baseline -0.001 -1"><span class='ocrx_word' id='word_1_158' title='bbox 260 1875 605 1940; x_wconf 76' lang='lat' dir='ltr'><strong>omiserunt</strong></span> <span class='ocrx_word' id='word_1_159' title='bbox 640 1877 911 1938; x_wconf 70' lang='lat' dir='ltr'><strong>tuendae</strong></span> <span class='ocrx_word' id='word_1_160' title='bbox 947 1874 1244 1940; x_wconf 66' lang='lat' dir='ltr'><strong>libertatis</strong></span> <span class='ocrx_word' id='word_1_161' title='bbox 1297 1876 1633 1939; x_wconf 80' lang='lat' dir='ltr'><strong>eivitatium</strong></span> <span class='ocrx_word' id='word_1_162' title='bbox 1673 1879 1982 1941; x_wconf 85' lang='lat' dir='ltr'><strong>sociarum</strong></span> <span class='ocrx_word' id='word_1_163' title='bbox 2027 1877 2225 1941; x_wconf 81' lang='lat' dir='ltr'><strong>Ptole-</strong></span> 
     </span>
     <span class='ocr_line' id='line_1_21' title="bbox 257 1959 2230 2039; baseline 0.002 -17"><span class='ocrx_word' id='word_1_164' title='bbox 257 1959 453 2033; x_wconf 89' lang='lat' dir='ltr'><strong>maei,</strong></span> <span class='ocrx_word' id='word_1_165' title='bbox 498 1959 724 2039; x_wconf 85' lang='lat' dir='ltr'><strong>quibus</strong></span> <span class='ocrx_word' id='word_1_166' title='bbox 761 1961 987 2022; x_wconf 84' lang='lat' dir='ltr'><strong>bellum</strong></span> <span class='ocrx_word' id='word_1_167' title='bbox 1016 1961 1103 2023; x_wconf 78' lang='lat' dir='ltr'><strong>ab.</strong></span> <span class='ocrx_word' id='word_1_168' title='bbox 1122 1959 1435 2025; x_wconf 65' lang='lat' dir='ltr'><strong>Antiocho</strong></span> <span class='ocrx_word' id='word_1_169' title='bbox 1460 1960 1831 2027; x_wconf 68' lang='lat' dir='ltr'><strong>imminebst.</strong></span> <span class='ocrx_word' id='word_1_170' title='bbox 1902 1981 2045 2029; x_wconf 88' lang='lat' dir='ltr'><strong>nam</strong></span> <span class='ocrx_word' id='word_1_171' title='bbox 2073 1961 2230 2025; x_wconf 82' lang='lat' dir='ltr'><strong>alias</strong></span> 
     </span>
     <span class='ocr_line' id='line_1_22' title="bbox 259 2043 2229 2124; baseline 0.001 -17"><span class='ocrx_word' id='word_1_172' title='bbox 259 2043 513 2108; x_wconf 73' lang='lat' dir='ltr'><strong>auxiliis</strong></span> <span class='ocrx_word' id='word_1_173' title='bbox 533 2043 837 2121; x_wconf 83' lang='lat' dir='ltr'><strong>iuverunt,</strong></span> <span class='ocrx_word' id='word_1_174' title='bbox 868 2044 1021 2107; x_wconf 87' lang='lat' dir='ltr'><strong>alias</strong></span> <span class='ocrx_word' id='word_1_175' title='bbox 1046 2044 1433 2122; x_wconf 73' lang='lat' dir='ltr'><strong>providendo</strong></span> <span class='ocrx_word' id='word_1_176' title='bbox 1458 2063 1533 2109; x_wconf 90' lang='lat' dir='ltr'><strong>ac</strong></span> <span class='ocrx_word' id='word_1_177' title='bbox 1557 2050 2021 2124; x_wconf 81' lang='lat' dir='ltr'><strong>praemonendo·</strong></span> <span class='ocrx_word' id='word_1_178' title='bbox 2043 2064 2229 2109; x_wconf 75' lang='lat' dir='ltr'><strong>eona-</strong></span> 
     </span>
     <span class='ocr_line' id='line_1_23' title="bbox 256 2128 2230 2211; baseline -0.001 -18"><span class='ocrx_word' id='word_1_179' title='bbox 256 2140 363 2193; x_wconf 85' lang='lat' dir='ltr'><strong>tus</strong></span> <span class='ocrx_word' id='word_1_180' title='bbox 402 2130 635 2205; x_wconf 72' lang='lat' dir='ltr'><strong>hostis3</strong></span> <span class='ocrx_word' id='word_1_181' title='bbox 690 2146 1006 2207; x_wconf 82' lang='lat' dir='ltr'><strong>causaque</strong></span> <span class='ocrx_word' id='word_1_182' title='bbox 1043 2129 1344 2193; x_wconf 77' lang='lat' dir='ltr'><strong>libertatis</strong></span> <span class='ocrx_word' id='word_1_183' title='bbox 1385 2132 1632 2195; x_wconf 82' lang='lat' dir='ltr'><strong>fuerunt</strong></span> <span class='ocrx_word' id='word_1_184' title='bbox 1667 2132 1916 2195; x_wconf 86' lang='lat' dir='ltr'><strong>Cauniis</strong></span> <span class='ocrx_word' id='word_1_185' title='bbox 1955 2128 2230 2211; x_wconf 78' lang='lat' dir='ltr'><strong>Myndiis</strong></span> 
     </span>
     <span class='ocr_line' id='line_1_24' title="bbox 256 2214 2226 2291; baseline -0.001 -15"><span class='ocrx_word' id='word_1_186' title='bbox 256 2214 919 2278; x_wconf 74' lang='lat' dir='ltr'><strong>Halicarnassensibus</strong></span> <span class='ocrx_word' id='word_1_187' title='bbox 945 2214 1316 2291; x_wconf 80' lang='lat' dir='ltr'><strong>Samiisque.</strong></span> <span class='ocrx_word' id='word_1_188' title='bbox 1367 2233 1492 2277; x_wconf 85' lang='lat' dir='ltr'><strong>non</strong></span> <span class='ocrx_word' id='word_1_189' title='bbox 1525 2233 1756 2291; x_wconf 85' lang='lat' dir='ltr'><strong>operae</strong></span> <span class='ocrx_word' id='word_1_190' title='bbox 1783 2224 1882 2278; x_wconf 84' lang='lat' dir='ltr'><strong>est</strong></span> <span class='ocrx_word' id='word_1_191' title='bbox 1909 2214 2226 2291; x_wconf 86' lang='lat' dir='ltr'><strong>persequi,</strong></span> 
     </span>
     <span class='ocr_line' id='line_1_25' title="bbox 256 2298 2229 2377; baseline -0.002 -16"><span class='ocrx_word' id='word_1_192' title='bbox 256 2307 329 2362; x_wconf 83' lang='lat' dir='ltr'><strong>ut</strong></span> <span class='ocrx_word' id='word_1_193' title='bbox 358 2316 653 2377; x_wconf 77' lang='lat' dir='ltr'><strong>quaeque</strong></span> <span class='ocrx_word' id='word_1_194' title='bbox 674 2307 813 2362; x_wconf 74' lang='lat' dir='ltr'><strong>aeta</strong></span> <span class='ocrx_word' id='word_1_195' title='bbox 839 2299 905 2361; x_wconf 89' lang='lat' dir='ltr'><strong>in</strong></span> <span class='ocrx_word' id='word_1_196' title='bbox 931 2298 1031 2361; x_wconf 88' lang='lat' dir='ltr'><strong>his</strong></span> <span class='ocrx_word' id='word_1_197' title='bbox 1061 2298 1220 2361; x_wconf 86' lang='lat' dir='ltr'><strong>loeis</strong></span> <span class='ocrx_word' id='word_1_198' title='bbox 1250 2298 1404 2373; x_wconf 79' lang='lat' dir='ltr'><strong>sint,</strong></span> <span class='ocrx_word' id='word_1_199' title='bbox 1447 2316 1589 2361; x_wconf 88' lang='lat' dir='ltr'><strong>cum</strong></span> <span class='ocrx_word' id='word_1_200' title='bbox 1629 2300 1712 2361; x_wconf 86' lang='lat' dir='ltr'><strong>ad</strong></span> <span class='ocrx_word' id='word_1_201' title='bbox 1741 2315 1848 2375; x_wconf 84' lang='lat' dir='ltr'><strong>ea,</strong></span> <span class='ocrx_word' id='word_1_202' title='bbox 1893 2316 2056 2374; x_wconf 86' lang='lat' dir='ltr'><strong>quae</strong></span> <span class='ocrx_word' id='word_1_203' title='bbox 2082 2315 2229 2375; x_wconf 87' lang='lat' dir='ltr'><strong>pro-</strong></span> 
     </span>
     <span class='ocr_line' id='line_1_26' title="bbox 256 2382 1538 2461; baseline -0.002 -16"><span class='ocrx_word' id='word_1_204' title='bbox 256 2383 399 2461; x_wconf 87' lang='lat' dir='ltr'><strong>pria</strong></span> <span class='ocrx_word' id='word_1_205' title='bbox 422 2384 685 2446; x_wconf 83' lang='lat' dir='ltr'><strong>Romani</strong></span> <span class='ocrx_word' id='word_1_206' title='bbox 711 2384 857 2447; x_wconf 91' lang='lat' dir='ltr'><strong>belli</strong></span> <span class='ocrx_word' id='word_1_207' title='bbox 886 2390 1048 2459; x_wconf 79' lang='lat' dir='ltr'><strong>sunt,</strong></span> <span class='ocrx_word' id='word_1_208' title='bbox 1076 2382 1185 2443; x_wconf 79' lang='lat' dir='ltr'><strong>vix</strong></span> <span class='ocrx_word' id='word_1_209' title='bbox 1214 2382 1538 2445; x_wconf 80' lang='lat' dir='ltr'><strong>sufficiam.</strong></span> 
     </span>
    </p>

    <p class='ocr_par' dir='ltr' id='par_1_7' title="bbox 254 2466 2230 3557">
     <span class='ocr_line' id='line_1_27' title="bbox 422 2466 2230 2545; baseline 0 -15"><span class='ocrx_word' id='word_1_210' title='bbox 422 2468 579 2530; x_wconf 80' lang='lat' dir='ltr'><strong>XXI.</strong></span> <span class='ocrx_word' id='word_1_211' title='bbox 621 2468 859 2531; x_wconf 82' lang='lat' dir='ltr'><strong>Eodem</strong></span> <span class='ocrx_word' id='word_1_212' title='bbox 899 2476 1176 2545; x_wconf 87' lang='lat' dir='ltr'><strong>tempore</strong></span> <span class='ocrx_word' id='word_1_213' title='bbox 1214 2469 1456 2530; x_wconf 75' lang='lat' dir='ltr'><strong>Attalus</strong></span> <span class='ocrx_word' id='word_1_214' title='bbox 1498 2484 1639 2542; x_wconf 85' lang='lat' dir='ltr'><strong>rex,</strong></span> <span class='ocrx_word' id='word_1_215' title='bbox 1682 2482 1871 2545; x_wconf 77' lang='lat' dir='ltr'><strong>aeger</strong></span> <span class='ocrx_word' id='word_1_216' title='bbox 1895 2468 1974 2527; x_wconf 90' lang='lat' dir='ltr'><strong>ab</strong></span> <span class='ocrx_word' id='word_1_217' title='bbox 2001 2466 2230 2530; x_wconf 82' lang='lat' dir='ltr'><strong>Thebis</strong></span> 
     </span>
     <span class='ocr_line' id='line_1_28' title="bbox 254 2550 2229 2628; baseline -0.001 -15"><span class='ocrx_word' id='word_1_218' title='bbox 254 2552 620 2628; x_wconf 77' lang='lat' dir='ltr'><strong>Pergamum</strong></span> <span class='ocrx_word' id='word_1_219' title='bbox 640 2553 958 2627; x_wconf 78' lang='lat' dir='ltr'><strong>advectuS,</strong></span> <span class='ocrx_word' id='word_1_220' title='bbox 983 2551 1239 2617; x_wconf 78' lang='lat' dir='ltr'><strong>moritur</strong></span> <span class='ocrx_word' id='word_1_221' title='bbox 1260 2554 1454 2615; x_wconf 77' lang='lat' dir='ltr'><strong>altero</strong></span> <span class='ocrx_word' id='word_1_222' title='bbox 1479 2559 1540 2614; x_wconf 86' lang='lat' dir='ltr'><strong>et</strong></span> <span class='ocrx_word' id='word_1_223' title='bbox 1561 2550 2022 2627; x_wconf 84' lang='lat' dir='ltr'><strong>septuagesimo</strong></span> <span class='ocrx_word' id='word_1_224' title='bbox 2045 2567 2229 2627; x_wconf 89' lang='lat' dir='ltr'><strong>anno,</strong></span> 
     </span>
     <span class='ocr_line' id='line_1_29' title="bbox 260 2634 2227 2713; baseline -0.001 -14"><span class='ocrx_word' id='word_1_225' title='bbox 260 2652 402 2699; x_wconf 79' lang='grc' dir='ltr'>οιιιιι</span> <span class='ocrx_word' id='word_1_226' title='bbox 430 2643 719 2713; x_wconf 82' lang='lat' dir='ltr'><strong>quattuor</strong></span> <span class='ocrx_word' id='word_1_227' title='bbox 746 2645 808 2699; x_wconf 88' lang='lat' dir='ltr'><strong>et</strong></span> <span class='ocrx_word' id='word_1_228' title='bbox 837 2635 1246 2713; x_wconf 83' lang='lat' dir='ltr'><strong>quadraginta</strong></span> <span class='ocrx_word' id='word_1_229' title='bbox 1270 2654 1472 2699; x_wconf 85' lang='lat' dir='ltr'><strong>annos</strong></span> <span class='ocrx_word' id='word_1_230' title='bbox 1501 2644 1846 2713; x_wconf 80' lang='lat' dir='ltr'><strong>regnasset.</strong></span> <span class='ocrx_word' id='word_1_231' title='bbox 1919 2634 2063 2697; x_wconf 89' lang='lat' dir='ltr'><strong>huic</strong></span> <span class='ocrx_word' id='word_1_232' title='bbox 2090 2635 2227 2697; x_wconf 88' lang='lat' dir='ltr'><strong>viro</strong></span> 
     </span>
     <span class='ocr_line' id='line_1_30' title="bbox 258 2717 2229 2799; baseline -0.002 -15"><span class='ocrx_word' id='word_1_233' title='bbox 258 2726 507 2799; x_wconf 81' lang='lat' dir='ltr'><strong>praeter</strong></span> <span class='ocrx_word' id='word_1_234' title='bbox 530 2720 779 2784; x_wconf 80' lang='lat' dir='ltr'><strong>divitias</strong></span> <span class='ocrx_word' id='word_1_235' title='bbox 806 2720 956 2782; x_wconf 87' lang='lat' dir='ltr'><strong>nihil</strong></span> <span class='ocrx_word' id='word_1_236' title='bbox 983 2723 1065 2782; x_wconf 89' lang='lat' dir='ltr'><strong>ad</strong></span> <span class='ocrx_word' id='word_1_237' title='bbox 1092 2738 1272 2798; x_wconf 90' lang='lat' dir='ltr'><strong>spem</strong></span> <span class='ocrx_word' id='word_1_238' title='bbox 1313 2720 1488 2798; x_wconf 79' lang='lat' dir='ltr'><strong>regni</strong></span> <span class='ocrx_word' id='word_1_239' title='bbox 1529 2723 1774 2784; x_wconf 76' lang='lat' dir='ltr'><strong>fortuna</strong></span> <span class='ocrx_word' id='word_1_240' title='bbox 1801 2721 2076 2783; x_wconf 83' lang='lat' dir='ltr'><strong>dederat.</strong></span> <span class='ocrx_word' id='word_1_241' title='bbox 2149 2717 2229 2781; x_wconf 88' lang='lat' dir='ltr'><strong>iis</strong></span> 
     </span>
     <span class='ocr_line' id='line_1_31' title="bbox 260 2802 2226 2884; baseline -0.002 -16"><span class='ocrx_word' id='word_1_242' title='bbox 260 2807 443 2868; x_wconf 82' lang='lat' dir='ltr'><strong>simul</strong></span> <span class='ocrx_word' id='word_1_243' title='bbox 471 2808 807 2884; x_wconf 84' lang='lat' dir='ltr'><strong>prudenter</strong></span> <span class='ocrx_word' id='word_1_244' title='bbox 833 2807 1013 2868; x_wconf 89' lang='lat' dir='ltr'><strong>simul</strong></span> <span class='ocrx_word' id='word_1_245' title='bbox 1054 2804 1382 2881; x_wconf 80' lang='lat' dir='ltr'><strong>magnifiee</strong></span> <span class='ocrx_word' id='word_1_246' title='bbox 1420 2807 1652 2869; x_wconf 88' lang='lat' dir='ltr'><strong>utendo</strong></span> <span class='ocrx_word' id='word_1_247' title='bbox 1693 2804 1904 2867; x_wconf 83' lang='lat' dir='ltr'><strong>effecit</strong></span> <span class='ocrx_word' id='word_1_248' title='bbox 1943 2802 2226 2881; x_wconf 88' lang='lat' dir='ltr'><strong>primum,</strong></span> 
     </span>
     <span class='ocr_line' id='line_1_32' title="bbox 257 2889 2228 2967; baseline -0.003 -14"><span class='ocrx_word' id='word_1_249' title='bbox 257 2900 326 2953; x_wconf 84' lang='lat' dir='ltr'><strong>ut</strong></span> <span class='ocrx_word' id='word_1_250' title='bbox 370 2889 517 2963; x_wconf 86' lang='lat' dir='ltr'><strong>sibi,</strong></span> <span class='ocrx_word' id='word_1_251' title='bbox 573 2891 799 2952; x_wconf 86' lang='lat' dir='ltr'><strong>deinde</strong></span> <span class='ocrx_word' id='word_1_252' title='bbox 840 2899 909 2952; x_wconf 85' lang='lat' dir='ltr'><strong>ut</strong></span> <span class='ocrx_word' id='word_1_253' title='bbox 948 2890 1089 2951; x_wconf 86' lang='lat' dir='ltr'><strong>aliis</strong></span> <span class='ocrx_word' id='word_1_254' title='bbox 1134 2906 1260 2952; x_wconf 90' lang='lat' dir='ltr'><strong>non</strong></span> <span class='ocrx_word' id='word_1_255' title='bbox 1311 2889 1602 2967; x_wconf 80' lang='lat' dir='ltr'><strong>indignus</strong></span> <span class='ocrx_word' id='word_1_256' title='bbox 1652 2889 1966 2953; x_wconf 88' lang='lat' dir='ltr'><strong>videretur</strong></span> <span class='ocrx_word' id='word_1_257' title='bbox 2010 2903 2228 2965; x_wconf 78' lang='lat' dir='ltr'><strong>regno.</strong></span> 
     </span>
     <span class='ocr_line' id='line_1_33' title="bbox 257 2937 2229 3051; baseline -0.003 -17"><span class='ocrx_word' id='word_1_258' title='bbox 257 2973 441 3037; x_wconf 81' lang='lat' dir='ltr'><strong>victis</strong></span> <span class='ocrx_word' id='word_1_259' title='bbox 472 2937 697 3036; x_wconf 73' lang='lat' dir='ltr'><strong>deinde</strong></span> <span class='ocrx_word' id='word_1_260' title='bbox 740 2974 975 3051; x_wconf 87' lang='lat' dir='ltr'><strong>proelio</strong></span> <span class='ocrx_word' id='word_1_261' title='bbox 1016 2991 1143 3036; x_wconf 89' lang='lat' dir='ltr'><strong>uno</strong></span> <span class='ocrx_word' id='word_1_262' title='bbox 1173 2973 1397 3047; x_wconf 74' lang='lat' dir='ltr'><strong>Gallie,</strong></span> <span class='ocrx_word' id='word_1_263' title='bbox 1440 2990 1602 3051; x_wconf 86' lang='lat' dir='ltr'><strong>quae</strong></span> <span class='ocrx_word' id='word_1_264' title='bbox 1641 2982 1768 3036; x_wconf 88' lang='lat' dir='ltr'><strong>tum</strong></span> <span class='ocrx_word' id='word_1_265' title='bbox 1807 2989 1962 3049; x_wconf 80' lang='lat' dir='ltr'><strong>gens</strong></span> <span class='ocrx_word' id='word_1_266' title='bbox 1993 2970 2229 3034; x_wconf 83' lang='lat' dir='ltr'><strong>recenti</strong></span> 
     </span>
     <span class='ocr_line' id='line_1_34' title="bbox 259 3055 2229 3157; baseline -0.004 -37"><span class='ocrx_word' id='word_1_267' title='bbox 259 3059 532 3157; x_wconf 79' lang='lat' dir='ltr'><strong>adyentu</strong></span> <span class='ocrx_word' id='word_1_268' title='bbox 576 3057 905 3121; x_wconf 82' lang='lat' dir='ltr'><strong>terribilior</strong></span> <span class='ocrx_word' id='word_1_269' title='bbox 942 3057 1136 3120; x_wconf 81' lang='lat' dir='ltr'><strong>Asiae</strong></span> <span class='ocrx_word' id='word_1_270' title='bbox 1176 3066 1336 3132; x_wconf 87' lang='lat' dir='ltr'><strong>erat,</strong></span> <span class='ocrx_word' id='word_1_271' title='bbox 1385 3058 1623 3135; x_wconf 79' lang='lat' dir='ltr'><strong>regium</strong></span> <span class='ocrx_word' id='word_1_272' title='bbox 1671 3055 1936 3118; x_wconf 84' lang='lat' dir='ltr'><strong>adscivit</strong></span> <span class='ocrx_word' id='word_1_273' title='bbox 1983 3069 2229 3127; x_wconf 89' lang='lat' dir='ltr'><strong>nomen,</strong></span> 
     </span>
     <span class='ocr_line' id='line_1_35' title="bbox 258 3134 2228 3220; baseline -0.004 -14"><span class='ocrx_word' id='word_1_274' title='bbox 258 3141 441 3207; x_wconf 75' lang='lat' dir='ltr'><strong>cuius</strong></span> <span class='ocrx_word' id='word_1_275' title='bbox 467 3140 867 3220; x_wconf 74' lang='lat' dir='ltr'><strong>magnitudini</strong></span> <span class='ocrx_word' id='word_1_276' title='bbox 896 3157 1149 3219; x_wconf 88' lang='lat' dir='ltr'><strong>semper</strong></span> <span class='ocrx_word' id='word_1_277' title='bbox 1164 3141 1433 3203; x_wconf 89' lang='lat' dir='ltr'><strong>animum</strong></span> <span class='ocrx_word' id='word_1_278' title='bbox 1456 3139 1765 3217; x_wconf 85' lang='lat' dir='ltr'><strong>aequavit,</strong></span> <span class='ocrx_word' id='word_1_279' title='bbox 1797 3152 2036 3201; x_wconf 87' lang='lat' dir='ltr'><strong>summa</strong></span> <span class='ocrx_word' id='word_1_280' title='bbox 2053 3134 2228 3198; x_wconf 84' lang='lat' dir='ltr'><strong>iusti·</strong></span> 
     </span>
     <span class='ocr_line' id='line_1_36' title="bbox 257 3219 2225 3303; baseline -0.006 -14"><span class='ocrx_word' id='word_1_281' title='bbox 257 3226 344 3289; x_wconf 85' lang='lat' dir='ltr'><strong>tia</strong></span> <span class='ocrx_word' id='word_1_282' title='bbox 372 3242 525 3290; x_wconf 86' lang='lat' dir='ltr'><strong>suos</strong></span> <span class='ocrx_word' id='word_1_283' title='bbox 551 3228 728 3303; x_wconf 85' lang='lat' dir='ltr'><strong>rexit,</strong></span> <span class='ocrx_word' id='word_1_284' title='bbox 758 3227 1005 3289; x_wconf 88' lang='lat' dir='ltr'><strong>unicam</strong></span> <span class='ocrx_word' id='word_1_285' title='bbox 1030 3225 1219 3286; x_wconf 84' lang='lat' dir='ltr'><strong>fidem</strong></span> <span class='ocrx_word' id='word_1_286' title='bbox 1247 3224 1441 3286; x_wconf 86' lang='lat' dir='ltr'><strong>sociis</strong></span> <span class='ocrx_word' id='word_1_287' title='bbox 1471 3221 1792 3301; x_wconf 87' lang='lat' dir='ltr'><strong>praestitit,</strong></span> <span class='ocrx_word' id='word_1_288' title='bbox 1821 3221 2018 3284; x_wconf 90' lang='lat' dir='ltr'><strong>comis</strong></span> <span class='ocrx_word' id='word_1_289' title='bbox 2047 3219 2225 3282; x_wconf 84' lang='lat' dir='ltr'><strong>uxori</strong></span> 
     </span>
     <span class='ocr_line' id='line_1_37' title="bbox 257 3305 2228 3389; baseline -0.004 -16"><span class='ocrx_word' id='word_1_290' title='bbox 257 3326 333 3373; x_wconf 87' lang='lat' dir='ltr'><strong>ac</strong></span> <span class='ocrx_word' id='word_1_291' title='bbox 360 3310 572 3373; x_wconf 88' lang='lat' dir='ltr'><strong>liberis</strong></span> <span class='ocrx_word' id='word_1_292' title='bbox 600 3340 686 3358; x_wconf 78' lang='lat'><strong>-·—</strong></span> <span class='ocrx_word' id='word_1_293' title='bbox 715 3318 1005 3389; x_wconf 86' lang='lat' dir='ltr'><strong>quattuor</strong></span> <span class='ocrx_word' id='word_1_294' title='bbox 1034 3307 1406 3385; x_wconf 87' lang='lat' dir='ltr'><strong>superstites</strong></span> <span class='ocrx_word' id='word_1_295' title='bbox 1434 3306 1665 3380; x_wconf 89' lang='lat' dir='ltr'><strong>habuit,</strong></span> <span class='ocrx_word' id='word_1_296' title='bbox 1691 3343 1770 3355; x_wconf 80' lang='lat'><strong>--</strong></span> <span class='ocrx_word' id='word_1_297' title='bbox 1799 3305 1964 3369; x_wconf 86' lang='lat' dir='ltr'><strong>mitis</strong></span> <span class='ocrx_word' id='word_1_298' title='bbox 1992 3323 2068 3368; x_wconf 87' lang='lat' dir='ltr'><strong>ac</strong></span> <span class='ocrx_word' id='word_1_299' title='bbox 2097 3320 2228 3366; x_wconf 88' lang='lat' dir='ltr'><strong>mu</strong></span> 
     </span>
     <span class='ocr_line' id='line_1_38' title="bbox 258 3387 2225 3469; baseline -0.003 -14"><span class='ocrx_word' id='word_1_300' title='bbox 258 3390 483 3457; x_wconf 80' lang='lat' dir='ltr'><strong>niflcus</strong></span> <span class='ocrx_word' id='word_1_301' title='bbox 513 3396 729 3457; x_wconf 88' lang='lat' dir='ltr'><strong>amieis</strong></span> <span class='ocrx_word' id='word_1_302' title='bbox 758 3393 903 3466; x_wconf 74' lang='lat' dir='ltr'><strong>fuit3</strong></span> <span class='ocrx_word' id='word_1_303' title='bbox 946 3410 1207 3469; x_wconf 84' lang='lat' dir='ltr'><strong>regnum</strong></span> <span class='ocrx_word' id='word_1_304' title='bbox 1248 3393 1410 3454; x_wconf 89' lang='lat' dir='ltr'><strong>adeo</strong></span> <span class='ocrx_word' id='word_1_305' title='bbox 1457 3390 1676 3453; x_wconf 87' lang='lat' dir='ltr'><strong>stabile</strong></span> <span class='ocrx_word' id='word_1_306' title='bbox 1717 3408 1790 3454; x_wconf 92' lang='lat' dir='ltr'><strong>ac</strong></span> <span class='ocrx_word' id='word_1_307' title='bbox 1821 3392 2063 3453; x_wconf 85' lang='lat' dir='ltr'><strong>firmum</strong></span> <span class='ocrx_word' id='word_1_308' title='bbox 2088 3387 2225 3451; x_wconf 83' lang='lat' dir='ltr'><strong>reli-</strong></span> 
     </span>
     <span class='ocr_line' id='line_1_39' title="bbox 260 3476 2149 3557; baseline -0.004 -15"><span class='ocrx_word' id='word_1_309' title='bbox 260 3480 409 3557; x_wconf 82' lang='lat' dir='ltr'><strong>quit,</strong></span> <span class='ocrx_word' id='word_1_310' title='bbox 438 3488 507 3541; x_wconf 86' lang='grc' dir='ltr'><strong>ιιι</strong></span> <span class='ocrx_word' id='word_1_311' title='bbox 534 3478 617 3543; x_wconf 89' lang='lat' dir='ltr'><strong>ad</strong></span> <span class='ocrx_word' id='word_1_312' title='bbox 644 3480 882 3540; x_wconf 85' lang='lat' dir='ltr'><strong>tertiam</strong></span> <span class='ocrx_word' id='word_1_313' title='bbox 914 3478 1171 3555; x_wconf 86' lang='lat' dir='ltr'><strong>stirpem</strong></span> <span class='ocrx_word' id='word_1_314' title='bbox 1199 3476 1524 3553; x_wconf 88' lang='lat' dir='ltr'><strong>possessio</strong></span> <span class='ocrx_word' id='word_1_315' title='bbox 1557 3476 1691 3537; x_wconf 89' lang='lat' dir='ltr'><strong>eius</strong></span> <span class='ocrx_word' id='word_1_316' title='bbox 1724 3476 2149 3538; x_wconf 88' lang='lat' dir='ltr'><strong>descenderet.</strong></span> 
     </span>
    </p>
   </div>
  </div>
 </body>
</html>
