2548 3950
553 224 788 287 LIBER
813 226 1053 287 XXXV.
1099 227 1264 287 GAP.
1296 236 1489 291 18.19.
1532 230 1601 307 [a.
1628 232 1839 309 0:193]
2037 232 2157 297 191

204 380 516 456 quon-dam
557 379 819 453 amicuS,
863 394 1059 455 nuper
1085 380 1297 441 relicto
1328 395 1402 441 eo
1434 388 1681 441 secutus
1713 384 2159 462 opulentiorem

195 464 426 538 regiam
455 461 778 533 Antiochi;
825 469 886 522 et
911 470 1222 537 tamquam
1260 462 1493 539 peritus
1526 465 1817 527 Graeciae
1846 482 1961 529 nec
1987 468 2159 544 igna-

195 564 302 607 rus
330 548 779 621 Romanorum,
821 546 882 605 in
912 562 1051 607 eum
1079 548 1337 621 gradum
1366 547 1664 609 amicitiae
1692 550 1887 625 regis,
1918 559 1985 613 ut
2012 568 2157 613 con-

195 630 350 691 siliis
396 646 647 707 quoque
687 630 928 691 arcanis
972 630 1325 706 interesset,
1364 640 1658 708 acceptus
1689 640 1837 693 erat.
1893 634 1979 709 is,
2009 641 2157 695 tam—

197 730 380 789 quam
408 730 532 777 non
562 721 762 776 utrum
789 714 1140 775 bellandum
1163 721 1335 777 esset
1355 730 1551 779 necne
1576 719 2015 793 consuleretur,
2046 720 2161 783 sed

191 798 297 860 ubi
341 805 402 859 et
441 814 566 874 qua
599 797 838 859 ratione
875 797 1104 859 bellum
1143 805 1484 875 gereretur,
1526 800 1841 863 victoriam
1882 818 1953 863 se
1991 802 2161 863 haud

193 883 441 943 dubiam
463 897 814 958 proponere
837 879 1038 943 animo
1064 882 1443 957 adfirmabat,
1473 884 1527 943 si
1549 885 1609 943 in
1628 885 1938 960 Europam
1959 894 2157 947 trans-

192 968 348 1027 isset
372 982 485 1027 rex
515 974 576 1027 et
602 967 662 1025 in
694 966 900 1041 aliqua
923 966 1214 1027 Graeciae
1239 974 1415 1041 parte
1444 968 1657 1028 sedem
1680 968 1842 1031 bello
1867 970 2159 1045 cepisset.

190 1049 310 1111 iam
347 1049 609 1125 primum
639 1050 925 1123 AetoloS,
970 1049 1074 1125 qui
1101 1050 1448 1111 umbilicum
1480 1051 1773 1113 Graeciae
1802 1053 2159 1131 incolerent,

188 1134 262 1207 in⁸
303 1134 488 1194 armis
540 1150 679 1194 eum
729 1134 1113 1195 inventurum
1131 1180 1150 1207 ,
1196 1134 1633 1209 antesignanos
1685 1136 1765 1196 ad
1818 1138 2158 1213 asperrima

188 1232 477 1293 quaeque
522 1218 667 1279 belli
708 1224 976 1293 par-atos.
1043 1216 1105 1276 in
1148 1219 1393 1279 duobus
1436 1222 1604 1281 velut
1645 1220 1935 1283 cornibus
1970 1223 2150 1282 Grae-

189 1303 342 1377 ciae,
373 1300 588 1361 Nabim
618 1318 658 1361 a
680 1301 1109 1377 Peloponneso
1143 1303 1581 1365 concitaturum
1612 1305 1844 1380 omnia,
1874 1312 2157 1381 repeten-

186 1394 308 1446 tem
353 1384 724 1461 Argivorum
773 1385 1017 1459 urbem,
1069 1393 1445 1461 repetentem
1483 1387 1817 1448 maritimas
1859 1389 2155 1464 civitateS,

188 1470 418 1546 quibus
463 1486 602 1529 eum
644 1470 971 1545 depulsum
1008 1470 1270 1533 Romani
1307 1470 1793 1533 Lacedaemonis
1834 1472 2024 1533 muris
2066 1473 2154 1531 in-

186 1554 552 1623 clusissent3
591 1570 630 1613 a
655 1553 1022 1615 Macedonia
1047 1554 1413 1631 Philippum,
1442 1555 1547 1615 ubi
1575 1555 1841 1631 primum
1869 1556 2154 1617 bellicum

185 1638 326 1699 cani
379 1638 682 1711 audisset,
736 1654 908 1698 arma
947 1644 1285 1714 capturum.
1358 1654 1549 1701 nosse
1591 1656 1660 1701 se
1704 1640 1955 1715 spiritus
1998 1642 2151 1711 eiuS‚

182 1738 380 1784 nosse
421 1723 718 1792 animum3
775 1722 936 1783 scire
979 1722 1240 1785 ferarum
1282 1724 1498 1798 modo,
1544 1739 1705 1800 quae
1740 1726 2023 1787 claustris
2052 1730 2155 1785 aut

182 1808 450 1869 vinculis
492 1812 803 1879 tenentur,
849 1806 1111 1881 ingentis
1156 1808 1276 1867 iam
1318 1808 1421 1869 diu
1462 1809 1586 1869 iras
1629 1824 1769 1870 eum
1809 1808 1868 1867 in
1900 1817 2153 1889 pectore

181 1894 456 1954 volvere.
522 1890 872 1951 meminisse
915 1892 1094 1952 etiam
1135 1906 1236 1966 se,
1282 1893 1565 1968 quotiens
1607 1894 1666 1952 in
1708 1891 1870 1953 bello
1912 1892 2152 1967 precari

182 1977 388 2038 omnis
434 1975 589 2050 deos
629 1975 848 2036 solitus
879 1977 986 2052 sit,
1029 1983 1099 2037 ut
1122 1977 1493 2038 Antiochum
1524 1977 1641 2038 sibi
1671 1977 1889 2038 darent
1917 1978 2151 2038 adiuto-

181 2077 348 2130 rem;
407 2059 582 2122 cuius
621 2058 750 2120 voti
791 2061 844 2120 si
875 2075 1134 2136 compos
1169 2076 1333 2121 nunc
1362 2062 1495 2136 fiat,
1538 2062 1764 2122 nullam
1793 2077 2027 2122 moram
2056 2076 2140 2135 re-

179 2142 454 2207 bellandi
499 2147 816 2205 facturum.
880 2150 1112 2206 tantum
1152 2161 1274 2206 non
1314 2145 1723 2206 cunctandum
1753 2161 1869 2205 nec
1899 2160 2135 2204 cessan-

182 2230 334 2290 dum
383 2244 558 2290 esse:
623 2228 683 2288 in
729 2243 803 2287 eo
846 2227 1005 2288 enim
1055 2227 1371 2289 victoriam
1424 2229 1607 2302 verti,
1662 2227 1716 2287 si
1761 2234 1821 2286 et
1860 2230 1999 2288 loca
2040 2243 2138 2301 op«

183 2321 452 2389 portuna
487 2317 547 2375 et
585 2311 740 2375 socii
774 2320 1393 2387 praeoccuparentur.
1456 2311 1859 2372 Hannibalem
1903 2326 2153 2386 quoque

182 2399 321 2458 sine
363 2413 538 2458 mora
583 2396 939 2458 mittendum
980 2395 1041 2456 in
1076 2395 1353 2458 Africam
1392 2410 1537 2457 esse
1574 2396 1654 2455 ad
1695 2394 2153 2470 distringendos

181 2483 519 2543 Romanos.
2116 2535 2119 2540 .

354 2567 508 2626 XIX.
565 2564 868 2624 Hannibal
906 2580 1028 2624 non
1059 2564 1367 2626 adhibitus
1397 2564 1581 2626 estin
1614 2563 1965 2636 consilium,
2012 2578 2151 2638 pro-

182 2658 324 2726 pter
349 2648 660 2726 colloquia
685 2663 823 2709 cum
843 2649 1028 2710 Villio
1058 2655 1391 2724 suspectus
1420 2648 1552 2724 regi
1574 2654 1636 2710 et
1658 2646 1717 2708 in
1742 2647 1909 2709 nullo
1932 2654 2153 2722 postea

179 2735 425 2800 honore
480 2732 742 2795 habitus.
812 2732 1009 2808 primo
1061 2747 1197 2792 eam
1247 2733 1675 2796 contumeliam
1728 2733 1947 2794 tacitus
2001 2731 2150 2804 tulit,

183 2818 414 2880 deinde
453 2815 673 2880 melius
718 2832 862 2878 esse
902 2824 1070 2878 ratus
1115 2824 1176 2878 et
1215 2816 1600 2892 percunctari
1642 2833 1893 2878 causam
1930 2831 2151 2890 repen·

183 2905 350 2965 tinae
391 2901 771 2964 alienationis
815 2907 876 2962 et
918 2916 1182 2977 purgare
1223 2917 1325 2975 se,
1367 2909 1639 2979 tempore
1685 2907 1830 2976 apto
1870 2899 2153 2976 quaesita

183 2987 546 3064 simpliciter
581 2985 932 3046 iracundiae
963 3001 1151 3046 causa
1177 2985 1531 3062 auditaque,
1563 2993 1780 3060 „pater
1805 2984 2151 3044 Hamilcar“

182 3071 399 3150 inquit,
425 3068 784 3145 ,‚Antioche,
811 3085 1067 3145 parvum
1091 3070 1421 3131 admodum
1443 3085 1559 3144 me,
1592 3083 1731 3130 cum
1754 3067 2145 3136 sacrificaret,

181 3156 483 3218 altaribus
525 3155 834 3216 admotum
869 3153 1270 3214 ‘iureiurando
1302 3153 1509 3227 adegit
1534 3165 1863 3227 numquam
1892 3149 2149 3210 amicum

182 3243 321 3302 rore
363 3239 577 3316 populi
604 3237 882 3301 Romani.
940 3238 1056 3299 sub
1097 3237 1218 3299 hoc
1259 3241 1643 3298 sacramento
1678 3249 1793 3294 sex
1822 3242 1883 3295 et
1910 3233 2149 3308 triginta

181 3340 384 3385 annos
428 3323 709 3397 militavi,
752 3321 874 3384 hoc
913 3337 1013 3382 me
1050 3323 1112 3380 in
1157 3336 1312 3397 pace
1342 3319 1538 3396 patria
1564 3335 1703 3384 mea
1730 3319 1993 3394 expulit,
2030 3317 2153 3377 hoc

182 3409 387 3485 patria
427 3415 734 3469 extorrem
764 3407 825 3466 in
855 3413 1021 3467 tuam
1049 3406 1287 3480 regiam*
1310 3405 1594 3479 adduxit,
1624 3404 1745 3466 hoc
1775 3405 1961 3478 duce,
2004 3401 2056 3462 si
2086 3409 2152 3464 tu

182 3509 365 3569 spem
394 3507 594 3552 meam
625 3490 1003 3563 destitueriS,
1045 3490 1415 3566 ubicumque
1441 3489 1637 3564 vires,
1675 3488 1779 3549 ubi
1810 3504 1976 3548 arma
2009 3500 2153 3548 esse

2421 3813 2447 3840 k
