2548 3950
581 208 813 269 LmER
833 209 1094 270 xxxin.
1143 211 1306 272 cAP.
1339 219 1536 274 ease.
1577 214 1647 290 [a.
1675 219 1740 270 c.
1769 215 1890 292 196]
2087 211 2210 277 113

234 367 589 423 conventus
616 394 693 406 —
716 360 1033 440 Pylaicum
1062 364 1376 438 appellant
1392 396 1478 409 --
1500 365 1696 435 venit;
1739 365 1997 428 Aetolos
2029 381 2204 442 prae-

236 447 429 520 cipue
475 445 738 519 monuit,
792 451 1145 511 constanter
1186 452 1247 508 et
1283 446 1544 507 fideliter
1583 447 1646 508 in
1685 449 1948 511 amicitia
1993 449 2206 526 populi

234 528 505 592 Romani
556 537 1004 603 permanerent.
1076 531 1438 592 Aetolorum
1481 531 1794 606 principes
1848 532 1949 594 alii
1992 534 2208 594 leniter

238 611 449 688 questi
480 618 657 685 sunt,
702 613 866 687 quod
902 630 1024 674 non
1054 614 1222 676 idem.
1246 629 1394 690 erga
1422 630 1600 676 suam
1626 623 1869 690 gentem
1894 615 2204 678 Romano-

234 712 377 759 rum
404 694 647 764 animus
675 704 861 770 essct,
893 697 998 772 qui
1025 697 1089 758 in
1118 698 1281 760 bello
1312 699 1562 780 fuisset-3
1606 698 1708 760 alii
1737 698 2005 762 ferocius
2035 701 2204 762 incu-

238 786 480 852 sarunt,
506 779 1081 856 exprobraruntque
1110 797 1236 842 non
1260 783 1445 844 modo
1469 781 1630 842 vinci
1656 783 1788 844 sine
1809 784 2046 845 Aetolis
2068 784 2202 843 Phi-

238 862 510 939 lippum,
564 863 685 925 scd
717 878 796 924 ne
838 864 1097 924 transire
1140 865 1388 939 quidem
1429 866 1487 925 in
1535 865 1850 926 Graeciam
1889 867 2203 931 Romanos

238 945 544 1024 potuisse.
589 946 892 1008 adversus
914 963 986 1006 ea
1008 948 1406 1023 respondere,
1432 963 1512 1009 ne
1533 949 1593 1007 in
1619 950 2070 1011 altercationem
2094 967 2201 1010 ex·

246 1031 497 1092 cederet
524 1045 657 1103 reS,
692 1046 830 1092 cum
860 1030 1320 1106 supersedisset
1344 1030 1659 1094 Romanus
1677 1078 1691 1104 ,
1727 1033 1930 1093 omnia
1959 1049 2070 1094 eos
2101 1049 2201 1094 ae-

238 1130 370 1190 qua
392 1113 852 1189 impetraturos,
900 1115 952 1174 si
980 1115 1237 1190 Romam
1270 1115 1611 1190 misissent,
1650 1116 1819 1179 dixit.
1884 1115 2093 1193 itaque
2124 1132 2200 1176 ex

238 1197 603 1261 auctoritate
645 1197 780 1269 eius
820 1196 1049 1260 decreti
1090 1197 1276 1274 legati
1317 1207 1476 1263 sunt.
1549 1200 1712 1260 hunc
1752 1199 1936 1262 finem
1976 1201 2201 1260 bellum

240 1296 383 1342 cum
408 1280 693 1356 Philippo
724 1281 955 1344 habuit.

407 1364 675 1426 XXXVI.
724 1366 872 1426 Cum
899 1365 1053 1426 haec
1082 1363 1145 1426 in
1177 1366 1433 1428 Graecia
1451 1366 1940 1442 Macedoniaque
1969 1371 2031 1424 et
2052 1364 2205 1425 Asia

238 1454 617 1523 gererentur,
644 1448 950 1511 Etruriam
976 1448 1261 1510 infestam
1290 1464 1487 1524 prope
1518 1449 1852 1509 coniuratio
1884 1462 2200 1508 servorum

239 1533 402 1594 fecit.
461 1533 547 1600 ad
582 1533 998 1607 quaerendam
1039 1532 1626 1609 opprimendamque
1665 1548 1799 1593 earn
1837 1531 1938 1591 Μ’.
1968 1531 2200 1592 Acilius

240 1615 491 1676 Glabrio
522 1621 800 1690 praetor,
846 1615 943 1675 cui
971 1616 1127 1676 inter
1156 1615 1326 1678 cives
1351 1615 1839 1693 peregrinosque
1861 1613 2201 1677 iurisdictio

240 1698 562 1773 obtigerat,
600 1714 739 1760 cum
771 1711 892 1758 una
920 1713 996 1758 ex
1027 1699 1266 1760 duabus
1296 1700 1538 1774 legione
1566 1699 1801 1760 urbana
1829 1707 1924 1760 est
1951 1697 2200 1761 missus,

237 1782 395 1842 alios
424 1781 547 1842 iam
567 1787 971 1858 congregatos
1002 1782 1332 1858 pugnando
1358 1781 1531 1844 vicit:
1574 1798 1656 1842 ex
1675 1782 1771 1844 his
1795 1781 1965 1843 multi
1987 1782 2198 1855 occisi,

239 1865 412 1925 multi
456 1863 651 1941 capti;
696 1864 851 1926 alios
894 1866 1248 1946 verberatos
1293 1867 1576 1928 crucibus
1609 1864 1851 1938 adfixit,
1901 1863 2008 1940 qui
2036 1865 2201 1939 prin·

242 1949 416 2025 cipes
449 1948 887 2011 coniurationis
919 1949 1189 2020 fuerant3
1235 1950 1391 2011 alios
1423 1948 1685 2011 dominis
1713 1948 1990 2011 restituit.

288 2054 293 2057 ·
419 2032 716 2095 Consules
740 2034 799 2092 in
832 2033 1183 2110 provincias
1206 2034 1466 2111 profecti
1487 2040 1646 2095 sunt.
1701 2032 2057 2094 Marcellum
2079 2032 2198 2094 Bo-

246 2116 441 2177 iorum
468 2116 815 2193 ingressum
842 2116 983 2178 finis
1000 2164 1014 2191 ,
1059 2116 1307 2193 fatigato
1338 2131 1449 2193 per
1478 2117 1638 2177 diem
1667 2124 1859 2177 totum
1885 2116 2072 2176 milite
2100 2114 2204 2176 via

240 2199 553 2273 facienda,
598 2207 801 2262 castra
840 2201 994 2262 inter
1024 2203 1290 2262 tumulos
1321 2201 1624 2275 quosdam
1653 2206 1984 2274 ponentem
2014 2198 2199 2259 Coro-

242 2286 437 2347 lamus
469 2285 715 2360 quidam
742 2286 993 2359 regulus
1017 2284 1307 2345 Boiorum
1339 2298 1475 2343 cum
1499 2297 1719 2357 magna
1738 2297 1923 2342 manu
1947 2280 2197 2341 adortus

240 2369 321 2438 ad
348 2368 463 2427 tria
490 2366 655 2429 milia
691 2366 1002 2429 hominum
1046 2366 1300 2435 occidit;
1343 2373 1404 2426 et
1431 2364 1700 2426 illustres
1729 2362 1846 2424 viri
1877 2364 2109 2440 aliquot
2138 2364 2197 2422 in

237 2453 341 2513 illo
388 2450 776 2513 tumultuario
824 2452 1056 2527 proelio
1101 2450 1482 2522 ceciderunt,
1524 2449 1677 2509 inter
1714 2464 1874 2524 quos
1903 2447 2200 2523 praerecti

239 2536 479 2597 socium
506 2536 571 2595 Τ.
603 2534 1005 2611 Sempronius
1036 2534 1350 2595 Gracchus
1379 2541 1441 2595 et
1468 2532 1547 2591 Μ.
1578 2531 1786 2594 lunius
1819 2530 2095 2602 SilanuS,
2141 2539 2203 2592 et

235 2618 462 2681 tribuni
484 2618 737 2679 militum
760 2618 837 2678 de
865 2618 1107 2694 legione
1132 2617 1404 2679 secunda
1427 2616 1506 2677 Μ.
1536 2615 1828 2691 Ogulnius
1855 2622 1915 2676 et
1932 2614 1997 2673 P.
2024 2615 2199 2676 Clau-

236 2704 401 2765 dius.
457 2707 659 2763 castra
684 2709 885 2763 tamen
916 2702 993 2763 ab
1022 2700 1317 2765 Romanis
1347 2700 1604 2776 impigre
1635 2698 1977 2774 permunita
2001 2704 2198 2758 reten-

233 2794 454 2863 taque,
498 2801 639 2847 cum
678 2785 891 2847 hostes
939 2801 1243 2860 prospera
1281 2801 1487 2860 pugna
1515 2784 1654 2845 elati
1685 2782 2059 2859 nequiquam
2090 2798 2199 2858 op·

236 2876 645 2947 pugnassent.
718 2869 953 2931 stativis
999 2868 1221 2929 deinde
1263 2869 1462 2929 isdem
1485 2884 1603 2943 per
1631 2868 1764 2927 dies
1795 2868 2029 2943 aliquot
2057 2881 2200 2925 sese

232 2953 457 3027 tenuit,
503 2954 646 3013 dum
676 2961 737 3015 et
762 2954 1010 3015 saucios
1042 2958 1281 3013 curaret
1309 2958 1474 3014 etex
1502 2958 1668 3013 tanto
1697 2957 1931 3011 terrore
1962 2949 2199 3010 animos

232 3036 493 3097 militum
519 3036 818 3097 reficeret.
866 3036 1021 3111 Boii,
1051 3044 1117 3098 ut
1143 3042 1238 3098 est
1264 3051 1419 3111 gens
1448 3034 1692 3095 minime
1723 3033 1805 3094 ad
1833 3048 2043 3094 morae
2072 3037 2198 3091 tae·

231 3122 407 3182 dium
446 3120 765 3181 ferendum
806 3122 1075 3195 patiens,
1120 3120 1183 3179 in
1213 3121 1464 3179 castella
1491 3133 1608 3179 sua
1634 3118 1935 3190 vicosque
1963 3114 2202 3189 passim

230 3203 463 3279 dilapsi
492 3210 663 3265 sunt..
709 3204 1033 3266 Marcellus
1060 3203 1229 3264 Pado
1260 3201 1582 3261 confestim
1611 3199 1861 3261 traiecto
1891 3198 1952 3258 in
1986 3213 2199 3271 agrurn

232 3287 631 3360 Comensem,
684 3288 786 3347 ubi
835 3287 1127 3349 Insubres
1180 3282 1582 3346 Comensibus
1633 3282 1714 3343 ad
1765 3297 1931 3342 arma
1979 3281 2198 3341 excitis

232 3376 442 3431 castra
480 3370 816 3445 habebant,
869 3372 1141 3445 legiones
1185 3368 1368 3431 ducit.
1441 3366 1594 3428 Gal-li
1638 3367 1878 3427 feroces
1907 3365 2205 3426 Boiorum

228 3462 377 3517 ante
408 3454 542 3515 dies
584 3470 823 3528 paucos
856 3470 1064 3529 pugna
1090 3453 1153 3514 in
1180 3453 1321 3529 ipso
1353 3449 1567 3513 itinere
1597 3451 1894 3527 proelium
1928 3445 2198 3510 commit-

318 3555 373 3597 τ.
414 3553 541 3596 mvi
583 3554 735 3597 rans
778 3538 881 3595 IV.
1735 3542 1771 3595 8
