2548 3950
524 237 755 299 LIBER
780 237 1103 297 XXXVIII.
1149 235 1314 296 CAP.
1343 245 1396 298 2.
1418 245 1474 298 3.
1519 244 1592 312 [a.
1620 243 1682 294 c.
1711 243 1840 312 189]
2033 233 2168 302 319

188 393 371 454 simul
401 392 461 453 in
492 389 916 452 Athamaniam
944 389 1119 450 redit.
1173 390 1490 450 Xenonem
1519 388 1662 448 inde
1689 405 1828 449 cum
1857 388 2020 450 mille
2048 406 2154 466 pe·

186 475 419 537 ditibus
454 475 863 552 praemissum
889 469 1215 548 Ethopiam
1245 487 1556 548 occupare
1585 472 1777 547 iubet,
1811 481 2158 549 opportune

164 559 520 634 'Argitheae
561 558 999 626 imminentem
1059 572 1240 632 quem
1282 556 1386 617 ubi
1429 555 1622 617 teneri
1664 555 1742 616 ab
1785 558 1913 617 suis
1954 561 2157 619 locum

181 643 369 716 vidit,
413 644 551 718 ipse
592 642 757 702 circa
800 643 1088 716 templum
1117 640 1283 701 Iovis
1311 641 1534 700 Acraei
1563 639 1772 715 posuit
1800 650 2020 702 castra.
2071 643 2154 702 ibi

184 744 378 788 unum
408 726 571 787 diem
594 726 778 786 foeda
805 731 1168 800 tempestate
1194 730 1488 798 retentuS‚
1519 731 1774 799 postero
1804 725 1904 784 die
1928 727 2156 786 ducere

187 812 272 872 ad
286 809 639 886 Argitheam
663 809 936 872 intendit.
970 806 1255 869 euntibus
1270 816 1472 868 extem
1477 809 1581 884 plo
1605 823 1953 884 apparuere
1966 809 2153 870 Atha·

185 910 403 956 manes
434 893 495 954 in
525 893 790 954 tumulos
834 891 1201 952 imminentis
1230 891 1369 952 viae
1400 891 1837 956 discurrentes.
1891 895 1972 953 ad
2002 910 2154 968 quo-

186 995 324 1039 rum
356 984 758 1053 conspectum
793 976 1123 1037 constitere
1155 977 1349 1051 prima
1380 976 1586 1051 signa,
1627 983 1887 1052 totoque
1911 978 2156 1052 agmine

184 1078 383 1138 pavor
412 1070 473 1122 et
499 1059 823 1136 trepidatio
852 1067 1013 1132 erat3
1056 1067 1117 1120 et
1147 1074 1258 1135 pro
1291 1076 1360 1121 se
1392 1059 1658 1136 quisque
1683 1060 1974 1136 quidnam
1999 1063 2154 1123 futu-

180 1161 321 1207 rum
354 1153 522 1206 esset
557 1143 859 1219 cogitare,
902 1145 955 1205 si
986 1143 1046 1204 in
1082 1145 1276 1204 valles
1308 1144 1616 1205 subiectas
1644 1145 1904 1220 rupibus
1935 1159 2155 1220 agmen

184 1233 349 1290 foret
376 1228 730 1293 demissum.
775 1229 929 1288 haec
958 1228 1340 1290 tumultuatio
1369 1243 1579 1302 regem
1603 1228 1967 1304 cupientem,
1999 1229 2053 1289 si
2084 1243 2156 1288 se

183 1317 623 1388 sequerentur,
665 1310 888 1386 raptim
918 1311 1181 1371 evadere
1212 1313 1558 1386 angustiaS,
1597 1327 1895 1372 revocare
1923 1311 2155 1387 primos

182 1405 247 1458 et
290 1397 510 1456 eadem
552 1411 675 1470 qua
712 1403 969 1455 venerat
992 1394 1095 1454 via
1123 1397 1354 1456 referre
1383 1394 1588 1468 coegit
1612 1395 1809 1469 signa.
1866 1395 2154 1456 Athama-

186 1496 303 1540 nes
346 1480 543 1554 primo
588 1494 667 1538 ex
715 1479 1031 1539 intervallo
1076 1479 1263 1552 quieti
1310 1479 1754 1554 sequebantur:
1819 1485 2156 1554 postquam

182 1561 391 1624 Aetoli
421 1578 493 1622 se
522 1561 987 1634 coniunxerunt,
1016 1561 1154 1635 hos,
1186 1569 1251 1622 ut
1279 1563 1357 1622 ab
1388 1569 1560 1638 tergo
1591 1561 1816 1637 agmini
1845 1563 2154 1638 instarent,

188 1648 597 1722 reliquerunt,
641 1646 759 1720 ipsi
793 1645 869 1706 ab
898 1645 1189 1706 lateribus
1220 1662 1292 1707 se
1323 1647 1872 1720 circumfuderunt,
1907 1647 2156 1722 quidam

186 1746 302 1806 per
343 1735 523 1790 notas
566 1728 753 1790 calles
793 1728 1078 1790 breviore
1123 1729 1225 1790 via
1264 1730 1616 1806 praegressi
1658 1731 1948 1793 transitus
1991 1731 2147 1790 inse-

186 1817 385 1883 dere3-
426 1819 781 1888 tantumque
812 1813 1101 1874 tumultus
1131 1813 1576 1876 Macedonibus
1607 1821 1704 1876 est
1731 1815 2047 1887 iniectum,
2094 1823 2156 1876 ut

183 1900 371 1974 fugae
411 1896 603 1972 magis
648 1895 885 1964 effusae
928 1915 1111 1972 quam
1153 1897 1388 1959 itineris
1431 1897 1693 1959 ordinati
1735 1900 1920 1960 modo
1951 1899 2154 1960 multis

180 1982 370 2042 armis
420 1980 697 2057 virisque
744 1982 971 2043 relictis
1023 1982 1251 2042 flumen
1296 1981 1661 2042 traiecerint.
1730 1982 1831 2043 hic
1871 1982 2014 2041 flnis
2055 1998 2154 2042 se-

183 2064 416 2142 quendi
447 2067 575 2125 suit.
619 2065 763 2125 inde
791 2073 918 2126 tuto
947 2066 1324 2125 Macedones
1357 2065 1676 2142 Gomphos
1707 2072 1768 2125 et
1795 2081 1833 2125 a
1856 2064 2153 2141 Gomphis

181 2148 245 2209 in
268 2148 694 2210 Macedoniam
715 2148 1047 2210 redierunt.
1078 2149 1456 2211 Athamanes
1476 2150 1806 2225 Aetolique
1827 2148 2154 2226 Ethopiam

182 2234 266 2293 ad
299 2232 618 2294 Xenonem
659 2249 734 2294 ac
774 2231 938 2294 mille
970 2232 1349 2293 Macedonas
1394 2233 1836 2310 opprimendos
1876 2234 2154 2308 undique

184 2324 645 2379 concurrerunt.
699 2317 1077 2383 Macedones
1108 2332 1325 2391 parum
1353 2316 1493 2379 loco
1524 2317 1659 2378 freti
1689 2317 1767 2378 ab
1795 2316 2063 2391 Ethopia
2092 2318 2153 2377 in

182 2401 460 2462 altiorem
500 2402 1043 2478 deruptioremque
1088 2400 1364 2477 undique
1409 2404 1704 2463 tumulum
1745 2416 2151 2473 concessere;

185 2501 309 2561 quo
352 2486 631 2562 pluribus
674 2502 753 2546 ex
794 2485 949 2547 locis
993 2484 1164 2549 aditu
1207 2486 1455 2548 invento
1501 2482 1795 2562 eitpulere
1825 2501 1936 2546 eos
1965 2485 2153 2544 Atha·
2265 2518 2285 2538 Ι

182 2585 415 2645 maneS‚
447 2568 897 2646 dispersosque
927 2578 989 2631 et
1015 2585 1129 2646 per
1156 2570 1322 2629 invia
1349 2578 1532 2646 atque
1561 2571 1803 2645 ignotas
1827 2584 2018 2644 rupes
2041 2569 2153 2628 iter

183 2655 367 2728 fugae
407 2670 532 2715 non
574 2651 961 2730 expedientis
1002 2654 1222 2730 partim
1264 2663 1561 2731 ceperunt
1587 2654 1805 2729 partim
1833 2652 2154 2714 interfece-

181 2744 341 2798 runt.
388 2737 558 2798 multi
585 2754 819 2815 pavore
846 2738 907 2798 in
940 2739 1197 2813 derupta
1227 2737 1638 2815 praecipitati,
1684 2736 1982 2813 perpauci
2014 2752 2155 2797 cum

180 2822 438 2882 Xenone
480 2823 559 2883 ad
600 2838 811 2899 regem
851 2832 1211 2884 evaserunts
1262 2830 1484 2899 postea
1524 2840 1637 2899 per
1676 2822 1943 2883 indutias
1973 2836 2152 2895 sepe-

181 2904 372 2965 liendi
402 2921 622 2967 caesos
651 2914 929 2982 potestas
956 2909 1117 2971 facta
1146 2914 1258 2967 est.

354 2988 455 3046 111.
500 2989 901 3067 Amynander
927 2998 1292 3065 recuperato
1322 3006 1516 3065 regno
1551 2992 1789 3063 legatos
1813 2995 1875 3048 et
1893 2988 2153 3047 Romam

184 3070 267 3132 ad
308 3077 588 3132 senatum
630 3079 691 3132 et
730 3072 809 3130 ad
842 3070 1166 3147 Scipiones
1207 3072 1270 3131 in
1311 3074 1552 3145 Asiam,
1595 3069 1829 3146 Ephesi
1854 3076 2000 3145 post
2025 3084 2150 3129 ma·

183 3170 372 3233 gnum
400 3168 541 3214 cum
561 3154 867 3215 Antiocho
890 3154 1194 3231 proelium
1214 3162 1543 3229 morantes,
1572 3153 1754 3215 misit.
1802 3169 2018 3230 pacem
2041 3168 2149 3227 pe-

185 3241 370 3313 tebat,
403 3238 867 3313 excusabatque
895 3254 1057 3312 sese,
1089 3240 1256 3315 quod
1285 3254 1400 3315 per
1424 3240 1684 3301 Aetolos
1715 3242 2153 3314 recuperasset

187 3330 511 3401 paternum
538 3338 795 3399 regnum
810 3369 826 3397 ‚
868 3322 1217 3400 Philippum
1240 3323 1592 3385 incusabat:
1624 3320 1827 3384 Aetoli
1856 3336 1934 3382 ex
1961 3319 2142 3383 Atha-

185 3408 387 3468 mania
415 3406 475 3466 in
496 3406 944 3483 Amphilochos
974 3406 1237 3484 protecti
1264 3415 1424 3483 sunt,
1455 3416 1516 3469 et
1542 3407 1791 3469 maioris
1820 3403 2011 3483 partis
2038 3419 2150 3465 vo-

186 3496 411 3553 luntate
438 3491 500 3551 in
529 3490 627 3554 ius
656 3492 1085 3569 dicionemque
1106 3498 1296 3555 totam
1319 3492 1691 3569 redegerunt
1713 3499 1974 3569 gentem.
2003 3490 2147 3551 Am-
