2548 3950
499 215 732 276 LIBER
756 215 1022 276 XXXIII.
1070 215 1233 275 CAP.
1258 223 1311 277 9.
1337 226 1422 278 10.
1449 225 1534 279 11.
1580 221 1654 291 [a.
1678 223 1743 275 C.
1769 223 1892 290 197]
2093 217 2174 282 91

219 367 403 442 paulo
449 372 591 425 ante
629 365 852 442 pedem
894 367 1230 426 referentes
1260 371 1406 426 tunc
1433 368 1590 426 ultro
1620 366 1844 428 territis
1872 365 2181 429 instabant

220 449 623 525 patiebantur.
681 451 762 508 ad
787 449 909 510 hoc
938 450 1077 510 loco
1107 449 1288 509 etiam
1317 451 1763 525 premebantur,
1798 450 1943 526 quia
1969 452 2180 525 iugum

220 549 295 592 ex
325 548 449 608 quo
480 540 934 608 pugnaverant,
980 533 1125 592 dum
1152 548 1263 608 per
1293 533 1567 609 proclive
1593 535 1812 608 pulsos
1841 535 2177 608 insequun-

218 626 331 689 tur,
360 616 738 676 tradiderant
763 616 927 677 hosti
953 617 1031 675 ad
1052 624 1227 690 terga
1248 633 1365 676 sua
1387 617 1820 678 circumducto.
1866 622 2179 693 paulisper

219 700 277 758 in
305 699 512 760 medio
549 701 745 773 caesi,
790 699 1013 760 deinde
1045 698 1294 761 orm‘ssis
1323 700 1602 775 plerique
1629 701 1814 761 armis
1846 712 2179 776 capessunt

222 785 445 858 fugam.
508 783 582 842 X.
638 781 957 859 Philippus
1012 799 1151 844 cum
1198 787 1416 858 paucis
1471 784 1740 858 peditum
1783 784 2179 860 equitumque

219 867 413 941 primo
456 868 750 928 tumulum
792 868 1070 929 altiorem
1112 867 1269 927 inter
1299 872 1538 926 ceteros
1568 866 1758 942 cepit,
1802 874 1870 928 ut
1896 870 2179 942 specula-

218 958 412 1023 retur,
456 965 617 1026 quae
654 951 714 1009 in
759 953 935 1011 laeva
963 957 1138 1026 parte
1166 966 1418 1011 suorum
1449 951 1690 1009 fortuna
1717 959 1916 1019 esset;
1959 954 2178 1010 deinde

222 1041 549 1108 postquam
576 1035 780 1109 sugam
811 1034 1072 1095 effusam
1101 1034 1523 1094 animadvertit
1543 1039 1604 1094 et
1629 1035 1833 1093 omnia
1854 1036 2015 1094 circa
2039 1036 2179 1106 iuga

220 1115 411 1190 signis
462 1126 646 1193 atque
696 1117 880 1179 armis
932 1119 1196 1193 fulgere,
1246 1125 1375 1178 tum
1425 1123 1485 1176 et
1525 1117 1664 1191 ipse
1711 1116 1844 1177 acie
1891 1118 2177 1176 excessit.

220 1200 533 1274 Quinctius
584 1216 725 1261 cum
762 1202 1089 1264 institisset
1131 1201 1523 1272 cedentibus,
1575 1207 1830 1274 repente
1873 1200 2017 1276 quia
2063 1202 2173 1260 eri-

218 1290 433 1357 gentes
462 1283 674 1345 hastas
702 1283 1081 1347 Macedonas
1112 1291 1540 1360 conspexerat,
1569 1284 1865 1358 quidnam
1892 1294 2179 1358 pararent

216 1367 515 1441 incertuS,
557 1369 874 1444 paulisper
914 1369 1181 1430 novitate
1223 1367 1313 1426 rei
1355 1367 1666 1428 constituit
1706 1366 1915 1440 signa3
1957 1368 2175 1426 deinde

216 1457 284 1511 ut
313 1449 553 1525 accepit
579 1450 743 1513 hunc
770 1468 1002 1513 morem
1032 1454 1174 1512 esse
1194 1450 1604 1511 Macedonum
1622 1447 1985 1509 tradentium
2013 1466 2174 1518 sese,

216 1549 475 1608 parcere
506 1534 684 1596 victis
712 1534 775 1595 in
806 1537 1069 1597 animum
1099 1533 1381 1594 habebat.
1427 1540 1693 1594 ceterum
1715 1532 1791 1592 ab
1817 1532 2043 1608 ignaris
2069 1532 2177 1590 mi-

214 1615 419 1677 litibus
445 1619 737 1681 omissam
758 1620 835 1679 ab
857 1619 1035 1682 hoste
1059 1622 1344 1694 pugnam,
1375 1624 1436 1678 et
1459 1616 1959 1692 quidimperator
1979 1618 2173 1686 vellet,

214 1699 479 1774 impetus
508 1702 568 1760 in
600 1717 713 1762 eos
738 1709 838 1763 est
865 1704 1080 1777 factuS,
1111 1710 1173 1762 et
1199 1701 1417 1782 primis*
1443 1701 1643 1761 caesis
1673 1701 1871 1763 ceteri.
1890 1699 1949 1759 in
1973 1702 2177 1774 fugam

216 1782 499 1860 dissipati
528 1793 686 1846 sunt.
727 1801 839 1846 rex
866 1786 1077 1847 effuso⁴
1100 1802 1288 1847 cursu
1314 1785 1540 1859 Tempe
1571 1785 1739 1859 petit.
1793 1782 1875 1843 ibi
1905 1784 1985 1842 ad
2017 1784 2175 1842 Gon*

216 1883 335 1928 nos
377 1867 535 1928 diem
578 1885 764 1928 unum
804 1869 1071 1930 substitit
1110 1870 1192 1930 ad
1232 1868 1667 1944 excipiendOS,
1709 1867 1763 1927 si
1807 1867 1912 1941 qui
1943 1868 2175 1940 proelio

213 1961 635 2027 superessent.
677 1952 936 2015 Romani
964 1955 1230 2015 victores
1262 1953 1324 2012 in
1350 1958 1551 2013 castra
1571 1951 1840 2013 hostium
1863 1965 1977 2026 spe
2003 1966 2175 2024 prae-

214 2036 335 2095 dae
372 2038 748 2113 irrumpunt:
791 2052 866 2097 ea
902 2053 1125 2112 magna
1163 2038 1285 2097 iam
1326 2053 1407 2097 ex
1439 2042 1620 2112 parte
1658 2036 1898 2111 direpta
1937 2036 2013 2092 ab
2055 2036 2175 2092 Ae-

213 2117 361 2179 tolis
392 2120 724 2182 inveniunt.
779 2136 966 2181 caesa
994 2136 1070 2180 eo
1100 2121 1201 2180 die
1232 2128 1372 2180 octo
1401 2118 1567 2178 milia
1593 2118 1876 2191 hostium,
1910 2118 2177 2192 quinque

192 2208 416 2276 capta.
460 2218 541 2262 ex
568 2202 903 2265 victoribus
934 2200 1306 2279 septingenti
1335 2203 1525 2262 ferme
1553 2201 1925 2261 ceciderunt.
1971 2200 2023 2259 si
2053 2202 2173 2259 Va-

213 2286 365 2345 lerio
410 2286 515 2361 qui
557 2288 793 2359 credat,
838 2288 1107 2347 omnium
1141 2302 1345 2345 rerum
1373 2284 1696 2345 immodice
1723 2298 2039 2343 numerum
2071 2299 2165 2341 au-

211 2366 397 2443 genti,
432 2370 837 2445 quadraginta
864 2370 1028 2429 milia
1053 2369 1325 2429 hostium*
1348 2383 1423 2428 eo
1454 2366 1555 2427 die
1586 2374 1729 2427 sunt
1750 2381 1963 2437 caesa;
1999 2373 2177 2439 capta

213 2451 404 2511 -ibi
433 2454 773 2514 modestius
814 2453 1198 2513 mendacium
1230 2458 1326 2512 est
1344 2484 1431 2495 -
1454 2450 1729 2525 quinque
1757 2449 1922 2509 milia
1949 2451 2175 2523 septin-

210 2536 395 2610 genti,
430 2537 607 2611 signa
634 2538 913 2598 militaria
940 2537 1206 2597 ducenta
1232 2534 1824 2610 undequadraginta.
1888 2532 2175 2593 Claudius

210 2634 466 2693 quoque
493 2620 619 2681 duo
662 2629 723 2682 et
747 2620 992 2695 triginta
1022 2620 1185 2679 milia
1210 2619 1478 2680 hostium
1506 2634 1690 2678 caesa
1720 2616 1955 2691 scribit,
2001 2625 2179 2691 capta

211 2709 502 2777 quattuor
542 2705 706 2765 milia
735 2712 795 2764 et
826 2711 1153 2766 trecentos.
1216 2720 1334 2764 nos
1363 2718 1486 2763 non
1515 2700 1760 2764 minimo
1793 2701 2175 2775 potissimum

207 2801 470 2847 numero
502 2787 873 2848 credidimus
892 2834 907 2861 ,
952 2788 1065 2849 sed
1092 2786 1412 2866 Polybium
1445 2786 1642 2846 secuti
1672 2801 1904 2857 sumuS‚
1935 2801 2057 2845 non
2091 2785 2175 2841 in-

209 2877 447 2929 certum
498 2877 809 2931 auctorem
861 2886 1000 2931 cum
1043 2871 1314 2932 omnium
1352 2869 1764 2930 Romanarum
1803 2884 2003 2930 rerum
2049 2877 2173 2927 tum

209 2954 551 3028 praecipue
579 2954 638 3013 in
671 2955 929 3015 Graecia
954 2964 1282 3028 gestarum.

382 3036 481 3098 XI.
537 3036 854 3114 Philippus
898 3039 1172 3099 collectis
1212 3053 1293 3097 ex
1334 3038 1508 3111 fuga,
1554 3036 1656 3112 qui
1696 3033 1884 3095 variis
1929 3035 2175 3093 casibus

210 3119 461 3194 pugnae
505 3121 786 3196 dissipati
825 3122 1088 3197 vestigia
1117 3122 1253 3183 eius
1295 3119 1490 3180 secuti
1531 3120 1802 3191 fuerant,
1841 3117 2177 3189 missisque

204 3203 487 3264 Larisam
540 3206 621 3265 ad
674 3206 1143 3266 commentarios
1191 3204 1401 3278 regios
1451 3201 1931 3276 comburendoS,
1989 3215 2065 3259 ne
2117 3201 2173 3257 in

203 3285 483 3348 hostium
523 3287 801 3348 venirent
841 3294 1233 3364 potestatem,
1284 3288 1344 3345 in
1384 3284 1808 3345 Macedoniam
1849 3285 2175 3344 concessit.

205 3368 531 3442 Quinctius
575 3371 833 3445 captivis
877 3371 1236 3447 praedaque
1274 3384 1501 3428 venum
1531 3367 1719 3441 datis,
1762 3367 1977 3443 partim
2008 3365 2177 3425 militi

205 3454 567 3529 concessis,
598 3454 867 3515 Larisam
899 3460 995 3515 est
1021 3454 1364 3530 proiectuS,
1407 3451 1719 3513 hauddum
1748 3451 1897 3519 satis
1927 3465 2175 3525 gnaruS,
