2548 3950
302 218 434 286 254
525 216 758 321 Lissa
783 219 1051 283 mm.
1094 218 1262 283 oAP.
1292 228 1382 283 aa.
1400 228 1491 285 ³9.
1512 230 1602 285 4⁰.
1648 220 1721 301 [a.
1744 226 1815 281 n.
1836 243 1886 283 ι.
1907 223 2035 303 ⁵61]

307 372 413 433 ubi
438 378 506 433 ut
531 370 593 430 in
616 384 868 430 numero
896 368 1181 445 scriptori
1204 384 1422 443 parum
1442 368 1587 428 fidei
1611 368 1706 443 sit,
1740 370 1888 446 quia
1904 370 1965 431 in
1987 373 2295 446 augendo

311 472 385 517 eo
417 470 541 516 non
571 453 726 515 alius
755 452 1254 528 intemperantior
1282 458 1395 525 est,
1425 467 1707 526 magnam
1733 459 1936 513 tamen
1957 454 2293 516 victoriam

309 538 505 599 fuisse
534 544 809 613 apparet,
841 536 1012 611 quod
1038 543 1101 597 et
1129 541 1334 596 castra
1363 542 1543 609 capta
1570 542 1715 597 sunt
1734 543 1795 597 et
1814 535 1949 598 Boii
1972 546 2117 613 post
2138 555 2291 599 eam

312 636 576 697 pugnam
619 621 930 696 extemplo
975 617 1345 681 dediderunt
1386 634 1557 693 sese,
1602 626 1665 681 et
1704 620 1874 696 quod
1904 622 2289 696 supplicatio

309 705 446 766 eius
488 705 780 766 victoriae
821 719 1014 764 causa
1055 703 1306 764 decreta
1348 703 1425 763 ab
1467 712 1683 763 senatu
1711 702 2121 781 victimaeque
2146 721 2289 767 ma-

310 805 476 849 iores
508 804 748 849 caesae.

478 871 743 932 XXXIX.
795 870 908 929 Per
939 872 1191 931 eosdem
1222 870 1355 931 dies
1384 870 1466 929 M.
1494 870 1745 931 Fulvius
1774 870 2047 933 Nobilior
2075 887 2157 932 ex
2184 876 2284 933 ul-

315 956 536 1017 teriore
557 954 857 1029 Hispania
879 970 1073 1015 ovans
1097 954 1311 1013 urbem
1332 962 1429 1015 est
1449 954 1789 1029 ingressus.
1820 954 2055 1031 argenti
2074 962 2285 1017 trans-

312 1042 448 1100 tulit
475 1040 802 1100 duodecim
831 1037 996 1097 milia
1023 1038 1251 1114 pondo,
1286 1038 1470 1112 bigati
1493 1038 1727 1113 argenti
1751 1044 1991 1100 centum
2015 1040 2293 1116 triginta,

313 1125 445 1183 auri
478 1132 720 1184 centum
749 1120 957 1195 viginti
985 1129 1222 1196 septem
1253 1122 1486 1196 pond0.

485 1206 550 1269 P.
597 1206 914 1268 Cornelius
946 1207 1194 1279 consul,
1229 1203 1552 1267 obsidibus
1581 1220 1620 1265 a
1646 1206 1935 1267 Boiorum
1964 1212 2145 1281 gente
2174 1223 2291 1267 ac-

316 1290 530 1366 ceptis,
568 1290 698 1366 agri
727 1296 902 1365 parte
931 1288 1059 1348 fere
1090 1288 1339 1349 dimidia
1366 1304 1478 1350 eos
1502 1290 1793 1365 multavit,
1825 1305 1969 1365 quo,
2000 1292 2051 1349 si
2072 1292 2287 1367 vellet,

317 1377 590 1452 populus
619 1375 936 1435 Romanus
981 1371 1256 1434 colonias
1285 1372 1522 1434 mittere
1550 1378 1785 1449 posset.
1850 1374 1994 1433 inde
2019 1374 2283 1435 Romam

315 1466 384 1519 ut
411 1459 492 1519 ad
521 1458 890 1534 triumphum
918 1457 1084 1517 haud
1115 1456 1365 1517 dubium
1400 1457 1711 1517 decedens
1741 1456 2072 1517 exercitum
2104 1456 2283 1517 dimi-

316 1544 414 1617 sit,
443 1549 504 1602 et
525 1543 751 1603 adesse
770 1543 1005 1604 Romae
1028 1540 1108 1601 ad
1131 1540 1291 1601 diem
1314 1540 1601 1617 triumphi
1628 1540 1824 1601 iussit.
1868 1540 2005 1615 ipse
2027 1546 2287 1616 postero

316 1627 416 1687 die
447 1641 630 1700 quarn
659 1626 842 1699 venit,
877 1630 1096 1686 senatu
1125 1624 1187 1685 in
1217 1624 1435 1685 aedem
1461 1625 1754 1686 Bellonae
1781 1631 2002 1686 vocato
2032 1640 2170 1684 cum
2202 1624 2291 1685 do

311 1710 503 1769 rebus
533 1709 611 1768 ab
642 1724 713 1774 se
740 1707 934 1783 gestis
963 1708 1392 1779 disseruisset,
1438 1708 1800 1785 postulavit,
1830 1713 1899 1768 ut
1924 1708 2042 1769 sibi
2070 1707 2285 1768 trium--

319 1792 531 1869 phanti
572 1792 784 1852 liceret
819 1790 1033 1851 urbem
1072 1790 1295 1851 invehi.
1361 1791 1427 1849 P.
1458 1791 1861 1869 Sempronius
1884 1790 2147 1852 Blaesus
2177 1790 2286 1852 tri·

320 1878 519 1937 bunus
563 1873 761 1950 plebis
805 1890 928 1935 non
971 1875 1320 1950 negandum
1360 1874 1666 1951 Scipioni,
1720 1875 1834 1935 sed
1874 1872 2289 1935 differendum

315 1960 612 2022 honorem
644 1958 928 2035 triumphi
959 1959 1269 2020 censebat.
1340 1957 1501 2020 bella
1526 1960 1817 2036 Ligurum
1848 1958 2089 2020 Gallicis
2121 1973 2288 2020 sem-

317 2060 432 2119 per
470 2045 675 2104 iuncta
715 2043 944 2114 fuisse3
987 2059 1094 2104 eas
1135 2043 1296 2104 inter
1333 2058 1403 2103 se
1438 2052 1652 2119 gentes
1682 2051 1891 2105 mutua
1918 2059 1999 2103 ex
2029 2043 2287 2119 propin-

323 2144 444 2202 quo
474 2128 636 2186 ferre
665 2127 910 2188 auxilia.
955 2128 1009 2188 si
1036 2127 1101 2186 P.
1134 2126 1344 2202 Scipio
1374 2127 1630 2188 devictis
1660 2129 1793 2188 acie
1812 2127 1981 2188 Boiis
2013 2132 2118 2188 aut
2144 2126 2293 2202 ipse

319 2226 456 2271 cum
495 2208 731 2271 victore
770 2212 1046 2272 exercitu
1088 2211 1150 2271 in
1193 2227 1406 2286 agrum
1444 2211 1735 2288 Ligurum
1775 2211 2127 2286 transisset,
2178 2215 2291 2272 aut

316 2303 554 2371 partem
583 2295 900 2371 copiarum
927 2294 996 2370 Q.
1027 2295 1296 2357 Minucio
1324 2295 1611 2369 misisset,
1652 2297 1758 2372 qui
1784 2296 1903 2355 iam
1932 2295 2170 2356 tertium
2199 2292 2291 2354 ibi

317 2394 544 2439 annum
585 2377 772 2439 dubio
814 2379 1186 2440 detineretur
1224 2379 1385 2440 bello
1400 2425 1417 2455 ,
1460 2379 1752 2441 debellari
1788 2394 1927 2447 cum
1953 2376 2290 2454 Liguribus

317 2461 630 2538 pvotuisse=
686 2477 850 2523 nunc
890 2462 972 2522 ad
1011 2462 1382 2538 triumphum
1430 2463 1938 2539 frequentandum
1981 2462 2289 2523 deductos

319 2561 463 2608 esse
489 2545 728 2620 militeS‚
761 2545 867 2622 qui
895 2545 1202 2621 egregiam
1230 2562 1459 2608 navare
1479 2563 1731 2623 operam
1751 2547 1842 2606 rei
1864 2546 2147 2622 publicae
2170 2561 2292 2619 po-

317 2631 609 2698 tuissent,
676 2634 937 2705 possent
985 2630 1196 2704 etiam,
1249 2631 1306 2690 si
1346 2639 1628 2704 senatuS,
1686 2631 1855 2706 quod
1896 2628 2295 2691 festinatione

320 2712 604 2787 triumphi
653 2713 1156 2787 praetermissum
1203 2721 1402 2788 esset,
1458 2715 1521 2774 id
1568 2715 1890 2775 restituere
1940 2711 2291 2774 differendo

318 2795 624 2870 triumpho
653 2796 854 2856 vellet.
900 2796 1180 2857 iuberent
1207 2800 1522 2858 consulem
1550 2813 1688 2859 cum
1716 2797 2061 2874 legionibus
2080 2795 2295 2859 redire

318 2879 382 2940 in
413 2877 822 2956 provinciam,
864 2879 1014 2941 dare
1043 2895 1326 2957 operam,
1365 2887 1434 2942 ut
1457 2883 1713 2957 Ligures
1743 2879 2119 2958 subigantur.
2164 2879 2293 2940 nisi

320 2963 404 3024 illi
434 2971 730 3040 cogantur
758 2963 819 3024 in
850 2964 947 3028 ius
975 2963 1391 3041 iudiciumque
1420 2967 1635 3042 populi
1662 2965 1951 3036 Romani,
1982 2981 2061 3024 ne
2088 2961 2291 3024 Boios

324 3049 570 3124 quidem
611 3048 958 3124 quieturos:
1012 3054 1120 3112 aut
1158 3064 1377 3124 pacem
1417 3055 1523 3110 aut
1560 3049 1785 3110 bellum
1823 3048 2148 3123 utrobique
2174 3045 2293 3106 ha-

322 3132 544 3192 benda.
607 3132 864 3194 devictis
891 3132 1247 3210 Liguribus,
1292 3147 1527 3208 paucos
1570 3139 1715 3208 post
1741 3146 1987 3192 menses
2016 3144 2292 3206 procon-

323 3217 520 3277 sulem
547 3215 611 3274 P.
643 3216 984 3278 Cornelium
1012 3218 1337 3277 multorum
1370 3217 1673 3292 exempla,
1704 3214 1807 3291 qui
1837 3215 1899 3275 in
1929 3213 2295 3288 magistratu

323 3314 445 3361 non
471 3299 1009 3374 triumphaverunt,
1041 3299 1547 3374 triumphaturum
1570 3314 1731 3359 esse.
1774 3297 1899 3359 XL.
1939 3297 2017 3358 ad
2038 3311 2114 3356 ea
2136 3311 2293 3356 eon-

325 3384 421 3440 sul
449 3397 652 3457 neque
681 3399 752 3442 se
778 3383 1034 3457 Ligures
1066 3382 1444 3459 provinciam
1470 3383 1747 3444 sortitum
1776 3397 1921 3442 esse
1950 3381 2048 3453 alt,
2080 3392 2297 3454 neque

325 3478 462 3524 cum
489 3464 812 3539 Liguribus
856 3466 1076 3526 bellum
1119 3465 1426 3541 gessisse,
1470 3481 1673 3543 neque
1701 3465 2069 3542 triumphum
2098 3462 2177 3523 de
2204 3461 2294 3524 iis
