2548 3950
513 177 744 238 LIBER
771 177 1038 238 XXXIII.
1085 177 1250 237 CAP.
1281 186 1368 239 22.
1393 185 1481 240 23.
1506 185 1593 240 24.
1642 185 1715 252 [a.
1747 184 1811 236 C.
1843 185 1966 252 197]
2101 179 2226 244 103

251 345 602 412 paucorum
629 344 703 390 ac
727 326 1005 390 vicorum
1036 329 1226 390 falsas
1255 335 1318 390 et
1355 329 1416 389 in
1460 337 1702 406 tempus
1734 328 2051 394 simulatas
2088 333 2225 394 sine

252 418 380 478 ullo
414 415 696 491 pignore
709 411 1055 476 deditiones
1087 414 1282 474 factas
1312 429 1474 474 esse.
1546 414 1703 474 haec
1742 413 1901 476 inter
1931 417 2225 478 consules

250 500 668 574 tribunosque
727 495 1158 558 altercationes
1215 495 1471 558 biduum
1529 506 1893 571 tenuerunt,
1952 498 2227 576 victique

251 580 722 660 perseverantia
749 582 1129 643 tribunorum
1159 583 1451 644 consules
1483 581 1819 658 separatim
1844 584 2226 645 rettulerunt.

249 667 466 729 XXIII.
499 665 560 727 C.
589 666 870 728 Cornelio
901 666 1171 728 omnium
1199 681 1515 728 consensu
1543 667 1831 728 decretus
1860 665 2225 742 triumphus.

251 758 315 813 et
361 748 691 812 Placentini
735 748 1312 825 Cremonensesque
1352 750 1721 812 addiderunt
1760 752 2037 812 favorem
2077 768 2226 813 con-

253 834 410 909 suli,
454 833 682 910 gratias
711 841 966 908 agentes
1010 841 1690 910 commemorantesque
1720 834 2049 896 obsidione
2079 852 2225 897 sese

251 920 331 980 ab
363 934 440 979 eo
469 918 782 990 liberatOS,
813 916 1098 994 plerique
1126 916 1337 990 etiam,
1378 933 1517 979 cum
1546 919 1717 994 apud
1744 919 1959 980 hostes
1991 929 2223 994 essent,

253 1001 552 1064 servitute
592 1011 936 1076 exemptos.
1018 1001 1086 1076 Ω.
1113 1000 1421 1064 Minucius
1462 1008 1754 1077 temptata
1798 1009 2028 1063 tantum
2068 1005 2225 1062 rela-

250 1087 442 1158 tione,
475 1101 616 1146 cum
646 1087 978 1146 adversum
1009 1102 1254 1147 omnem
1285 1092 1565 1148 senatum
1606 1083 1871 1162 videret,
1912 1084 1976 1145 in
2018 1093 2226 1147 monte

249 1171 496 1231 Albano
541 1186 612 1230 se
653 1169 1162 1245 triumphaturum
1204 1178 1264 1231 et
1305 1169 1435 1232 iure
1480 1169 1723 1248 imperii
1770 1169 2119 1232 consularis
2163 1177 2226 1232 et

251 1256 582 1314 multorum
612 1254 916 1314 clarorum
942 1252 1216 1314 virorum
1244 1256 1530 1331 exemplo
1563 1253 1735 1316 dixit.
1807 1255 1869 1314 C.
1904 1253 2227 1315 Cornelius

248 1339 334 1398 de
375 1336 738 1398 Insubribus
783 1337 1274 1412 Cenomanisque
1309 1338 1371 1397 in
1412 1337 1771 1413 magistratu
1809 1336 2225 1413 triumphavit.

251 1423 444 1484 multa
473 1419 652 1496 signa
692 1420 974 1482 militaria
1005 1420 1166 1493 tulit,
1210 1423 1398 1483 multa
1440 1420 1672 1482 Gallica
1713 1419 1918 1496 spolia
1960 1419 2223 1496 captivis

252 1504 563 1581 carpentis
587 1506 955 1576 transvexit;
979 1504 1148 1566 multi
1171 1505 1413 1566 nobiles
1429 1503 1584 1564 Galli
1610 1512 1750 1566 ante
1767 1519 2013 1565 currum
2036 1503 2225 1579 ducti,

251 1588 412 1650 inter
455 1606 614 1665 quos
659 1588 910 1665 quidam
949 1587 1358 1650 Hamilcarem
1399 1590 1622 1649 ducem
1646 1588 1994 1650 Poenorum
2026 1586 2223 1648 fuisse

251 1681 540 1734 auctores
573 1680 736 1734 sunt.
781 1681 1053 1734 ceterum
1087 1672 1283 1750 magis
1314 1672 1377 1732 in
1408 1689 1480 1735 se
1510 1670 1812 1733 convertit
1840 1672 2057 1734 oculos
2082 1672 2223 1732 Cre-

250 1755 642 1819 monensium
664 1756 1281 1834 Placentinorumque
1325 1759 1687 1818 colonorum
1714 1757 1913 1834 turba,
1940 1756 2221 1833 pilleato-

247 1859 384 1903 rum
439 1857 684 1902 currum
712 1840 1152 1917 sequentium.-
1192 1840 1354 1903 aeris
1377 1841 1600 1904 tulitin
1624 1840 1932 1916 triumpho
1959 1842 2225 1900 ducenta

248 1925 362 2003 tri„
329 1925 494 1987 inta
523 1933 760 2003 septem
788 1925 954 1987 milia
983 1933 1043 1988 et
1073 1924 1461 2003 quingentos,
1494 1922 1731 2002 argenti
1752 1923 1941 2001 bigati
1972 1932 2222 2001 septua

247 2011 418 2088 ginta
445 2026 670 2071 novem
697 2009 881 2071 milia.
954 2010 1320 2086 septuageni
1350 2008 1511 2071 aeris
1541 2008 1832 2071 militibus
1864 2008 2077 2082 divisi,
2111 2009 2221 2070 du·-

247 2096 399 2173 plex
428 2093 621 2169 equiti
651 2094 1138 2171 centurionique.
1159 2095 1254 2170 Ω.
1286 2093 1595 2157 Minucius
1628 2094 1847 2155 consul
1878 2094 1957 2153 de
1983 2092 2223 2169 Liguri-

247 2182 367 2241 bus
415 2177 716 2254 Boiisque
769 2178 958 2239 Gallis
1008 2177 1071 2239 in
1115 2186 1324 2240 monte
1368 2178 1609 2238 Albano
1664 2176 2079 2252 triumphavit
2164 2176 2221 2236 is

246 2262 594 2337 triumphus
622 2270 690 2325 ut
717 2264 857 2325 loco
887 2271 949 2324 et
977 2263 1138 2323 fama
1165 2278 1369 2322 rerum
1402 2268 1734 2337 gestarum,
1766 2267 1827 2319 et
1856 2262 2026 2335 quod
2055 2276 2222 2319 sum-

247 2355 423 2427 ptum
451 2363 576 2407 non
607 2354 923 2423 erogatum
953 2362 1033 2407 ex
1060 2345 1299 2408 aerario
1343 2359 1558 2405 omnes
1602 2342 1908 2415 sciebant,
1961 2342 2221 2403 inhono-

247 2430 438 2493 ratior
467 2428 598 2507 fuit,
627 2429 712 2493 ita
743 2428 938 2529 signis
971 2428 1410 2506 carpentisque
1440 2435 1500 2489 et
1528 2426 1748 2504 spoliis
1776 2426 1967 2488 ferme
1990 2442 2222 2502 aequa-

249 2516 372 2578 bat.
440 2513 746 2591 pecuniae
775 2514 956 2575 etiam
987 2531 1100 2590 par
1126 2530 1325 2590 prope
1356 2529 1594 2574 summa
1625 2511 1767 2573 fuit·
1812 2511 1975 2573 aeris
2005 2512 2225 2573 tralata

249 2602 517 2663 ducenta
547 2597 993 2675 quinquaginta
1023 2607 1311 2675 quattuor
1340 2596 1534 2670 milia,
1564 2594 1799 2673 argenti
1820 2596 2011 2673 bigati
2043 2594 2223 2672 quin-

249 2682 546 2761 quaginta
585 2681 700 2745 tria
741 2682 907 2743 milia
947 2690 1010 2743 et
1050 2681 1317 2744 ducenti.
1383 2679 1691 2743 militibus
1729 2679 2222 2742 centurionibus-

243 2785 373 2845 que
417 2776 479 2829 et
517 2766 830 2843 equitibus
871 2765 1036 2827 idem
1076 2766 1137 2826 in
1182 2765 1461 2841 singulos
1506 2766 1714 2827 datum
1756 2766 1926 2841 quod
1966 2765 2224 2826 dederat
2296 2767 2299 2769 ’

245 2853 509 2927 collega.

413 2934 628 2997 XXIV.
675 2933 1030 2995 Secundum
1060 2933 1431 3010 triumphum
1456 2932 1809 2995 consularia
1839 2931 2086 2993 comitia
2114 2932 2221 2990 ha-

245 3017 392 3081 bita.
475 3016 666 3080 creati
709 3018 1001 3081 consules
1028 3018 1096 3078 L.
1124 3018 1346 3081 Furius
1386 3017 1687 3093 Purpurio
1726 3024 1788 3078 et
1812 3016 1895 3075 M.
1928 3012 2220 3075 Claudius

243 3103 620 3165 Marcellus·
665 3111 989 3178 praetores
1029 3110 1283 3179 postero
1329 3102 1430 3162 die
1474 3100 1619 3162 facti
1660 3099 1728 3173 Ω.
1764 3097 1992 3159 Fabius
2021 3098 2219 3158 Buteo

244 3186 333 3247 Ti
368 3185 775 3264 Sempronius
803 3187 1054 3262 Longus
1087 3186 1154 3261 Ω.
1183 3184 1492 3245 Minucius
1521 3183 1820 3244 Thermus
1847 3181 1950 3240 M.
1979 3177 2219 3242 Acilius

237 3270 496 3333 Glabrio
525 3271 593 3330 L.
622 3268 927 3347 Apustius
956 3268 1130 3331 Fullo
1165 3267 1228 3329 C.
1256 3266 1525 3329 Laelius.

412 3353 600 3416 Exitu
629 3355 820 3415 ferme
850 3352 995 3414 anni
1025 3352 1258 3415 litterae
1288 3370 1327 3413 a
1352 3351 1418 3410 T.
1449 3347 1729 3425 Quinctio
1775 3359 2101 3421 venerunt,
2148 3364 2221 3409 se

238 3435 443 3515 signis
487 3438 728 3501 collatis
769 3454 909 3499 cum
949 3454 1095 3513 rege
1123 3434 1405 3513 Philippo
1445 3434 1509 3496 in
1536 3432 1855 3497 Thessalia
1881 3448 2216 3511 pugnasse,
