2548 3950
555 263 788 324 LIBER
813 263 1082 323 xxxm.
1127 243 1407 326 cAPLm.
1439 271 1523 326 19.
1570 271 1643 338 [a.
1676 271 1898 338 0197]
2121 266 2205 329 99

227 428 354 479 tum
385 413 557 476 acies
587 422 848 490 utraque
877 429 1066 489 super
1090 412 1309 491 ripam,
1344 412 1449 489 qui
1476 415 1647 476 tenui
1676 425 1801 476 tum
1824 433 1989 493 aqua
2015 417 2199 479 inter-

225 501 480 574 fluebat,
507 497 825 567 torrentis3
879 496 1224 574 paucisque
1256 497 1393 558 telis
1422 497 1670 560 emissis
1700 498 1763 558 in
1794 507 1999 562 castra
2024 517 2198 564 rece-

225 591 456 662 perunt
496 597 658 643 sese.
745 587 998 657 postero
1041 580 1142 642 d1e
1181 581 1405 642 eodem
1446 581 1665 644 ordine
1692 583 1969 646 instructi
1996 584 2198 648 maius

227 671 542 744 aliquanto
594 663 896 741 proelium
947 679 1130 740 quam
1156 680 1271 741 pro
1326 681 1580 727 numero
1626 665 1877 728 edidere
1918 685 2199 744 pugnan-

228 759 410 817 tium·
443 765 647 826 neque
677 747 841 809 enim
869 749 1011 824 plus
1039 755 1213 809 terna
1239 747 1408 809 milia
1446 749 1722 825 peditum
1765 753 1938 813 fuere
1966 761 2028 814 et
2054 768 2199 815 cen-

228 835 355 898 teni
383 836 576 895 ferme
605 830 868 908 equites.
954 838 1226 893 ceterum
1254 848 1378 892 non
1407 849 1662 894 numero
1693 843 1927 898 tantum
1956 853 2073 900 nec
2101 853 2199 898 ar·

227 933 468 980 morum
497 931 754 993 genere,
800 916 914 976 sed
945 913 1162 976 animis
1195 932 1447 991 quoque
1478 918 1730 992 paribus
1759 926 1821 980 et
1849 936 2053 996 aequa
2082 938 2199 998 spe

229 1008 600 1079 pugnarunt.
683 997 921 1060 Achaei
961 998 1140 1075 primi
1179 1006 1448 1064 torrente
1478 1010 1769 1076 superato
1800 1000 1863 1062 in
1890 1003 2197 1080 Agrianas

229 1088 525 1164 impetum
553 1086 860 1154 fecerunt3
905 1083 1129 1145 deinde
1169 1092 1300 1146 tota
1341 1101 1536 1160 prope
1579 1100 1769 1147 cursu
1800 1093 2198 1164 transgressa

227 1186 472 1232 amnem
497 1168 666 1230 acies
697 1176 810 1230 est.
841 1166 949 1228 diu
975 1184 1208 1245 anceps
1236 1185 1449 1245 pugna
1476 1169 1659 1231 stetit.
1688 1187 1944 1233 numero
1957 1171 2195 1233 Achaei

229 1257 262 1298 *
283 1256 318 1298 *
346 1262 408 1315 et
437 1252 559 1330 ipsi
589 1251 1070 1328 quadringentos
1099 1253 1239 1315 loco
1273 1254 1586 1328 expulere.
1645 1253 1935 1318 inclinato
1966 1255 2193 1317 deinde

227 1341 409 1400 laevo
442 1335 722 1399 cornuin
753 1337 1033 1397 dextrum
1063 1353 1278 1397 omnes
1304 1335 1521 1398 conisi.
1560 1337 1957 1410 MacedoneS,
1988 1354 2193 1415 usque

229 1424 376 1485 dum
407 1419 658 1482 ordines
688 1428 748 1481 et
776 1419 964 1481 veluti
993 1419 1219 1496 stipata
1247 1421 1519 1496 phalanx
1563 1421 1916 1494 constabat,
1956 1421 2193 1483 moven·

227 1504 667 1582 nequiverunte
709 1512 1042 1580 postquam
1071 1506 1246 1566 laevo
1279 1506 1469 1565 latere
1509 1506 1737 1566 nudato
1774 1502 2190 1580 circumagere

227 1592 441 1652 hastas
478 1589 539 1648 in
574 1587 917 1649 venientem
970 1603 1052 1648 ex
1093 1596 1445 1650 transverso
1496 1588 1740 1651 hostem
1782 1587 1987 1650 conati
2028 1596 2189 1664 sunt,

228 1673 454 1736 turbati
481 1673 790 1748 extemplo
817 1673 1138 1734 tumultum
1167 1670 1366 1748 primo
1402 1671 1562 1733 inter
1590 1689 1661 1734 se
1690 1673 1983 1745 fecerunt,
2014 1680 2191 1750 terga

229 1758 456 1820 deinde
504 1763 776 1828 vertunt,
828 1763 1142 1832 postremo
1181 1754 1437 1817 abiectis
1478 1755 1665 1818 armis
1696 1757 1759 1816 in
1786 1755 2189 1832 praecipitem

227 1844 438 1919 fugam
465 1840 878 1902 effunduntur.
941 1838 1265 1918 Bargylias
1299 1848 1577 1916 petentes
1608 1842 1921 1916 fugerunt:
1966 1841 2189 1902 eodem

233 1935 290 1989 et
313 1925 675 1987 Dinocrates
718 1922 1002 2001 perfugit.
1081 1923 1308 1987 Rhodii
1323 1971 1338 2000 ,
1382 1935 1676 2001 quantum
1718 1923 1841 1986 diei
1880 1923 2189 2001 superfuit

228 2008 456 2082 secuti,
497 2017 864 2085 receperunt
901 2024 1046 2070 sese
1072 2007 1136 2068 in
1165 2018 1387 2071 castra.
1471 2011 1623 2071 satis
1654 2016 1924 2083 constat,
1954 2006 2009 2069 si
2038 2024 2185 2069 con-

229 2092 435 2155 festim
459 2091 730 2154 victores
761 2090 1202 2154 Stratoniceam
1230 2092 1551 2169 petissent,
1582 2092 1777 2168 recipi
1806 2109 1943 2153 eam
1968 2092 2186 2152 urbem

227 2177 364 2238 sine
404 2176 731 2238 certamine
771 2174 1072 2252 potuisse.
1153 2175 1591 2252 praetermissa
1631 2176 1766 2236 eius
1804 2176 1896 2235 rei
1936 2173 2187 2236 occasio

227 2268 342 2334 est,
375 2260 520 2322 dum
547 2258 610 2319 in
639 2258 907 2321 castellis
936 2257 1219 2335 vicisque
1246 2258 1621 2333 recipiendis
1650 2258 1916 2317 Peraeae
1944 2266 2188 2332 tempus

223 2342 457 2407 teritur.
542 2342 782 2405 interim
810 2342 994 2408 animi
1023 2358 1236 2404 eorum
1267 2342 1372 2417 qui
1402 2339 1847 2403 Stratoniceam
1872 2338 2186 2415 praesidio

227 2426 584 2490 obtinebant
625 2424 965 2489 confirmati
1007 2435 1166 2488 sunt.
1249 2443 1397 2487 mox
1439 2431 1500 2486 et
1526 2423 1888 2485 Dinocrates
1931 2440 2073 2485 cum
2109 2420 2187 2484 iis

228 2528 390 2589 quae
419 2510 655 2588 proelio
685 2512 1117 2586 superfuerant
1144 2509 1345 2587 copiis
1374 2506 1619 2571 intravit
1656 2524 1887 2570 muros.
1973 2504 2189 2583 nequi-

226 2610 416 2672 quam
453 2594 599 2657 inde
642 2596 907 2656 obsessa
947 2602 1433 2671 oppugnataque
1472 2593 1623 2654 urbs
1665 2600 1791 2667 est,
1837 2608 1955 2653 nec
1994 2589 2189 2666 recipi

223 2678 350 2741 nisi
378 2677 690 2755 aliquanto
723 2686 868 2755 post
893 2694 1010 2755 per
1035 2677 1409 2743 Antiochum
1436 2676 1650 2755 potuit.
1734 2676 1889 2737 haee
1916 2675 1979 2737 in
1998 2674 2188 2735 Thes-

225 2761 401 2837 salia,
430 2762 584 2823 haec
606 2763 667 2823 in
696 2760 950 2837 Achaia,
977 2762 1132 2823 haec
1159 2762 1222 2821 in
1251 2762 1405 2822 Asia
1424 2777 1539 2837 per
1560 2762 1813 2822 eosdem
1839 2758 1973 2821 dies
1999 2759 2189 2820 ferme

227 2856 426 2923 gesta.

385 2931 540 2992 XIX.
583 2928 901 3006 Philippus
931 2946 1071 2991 cum
1091 2930 1373 2991 audisset
1390 2930 1733 3004 Dardanos,
1761 2936 2187 3003 transgressos

223 3012 368 3076 finis
397 3015 479 3075 ab
509 3021 864 3089 contemptu
893 3012 1186 3075 concussi
1226 3021 1354 3076 tum
1384 3012 1589 3089 regni,
1632 3010 1956 3087 superiora
1981 3009 2187 3072 Mace-

225 3097 453 3163 doniae
492 3104 807 3172 evastare,
859 3114 1230 3196 quamquam
1267 3106 1399 3159 toto
1442 3112 1639 3172 prope
1681 3094 1832 3155 orbe
1869 3101 2185 3165 terrarum,

223 3180 503 3268 undique
531 3198 602 3243 se
632 3198 908 3259 suosque
937 3181 1220 3258 exigente
1263 3182 1536 3253 fortuna,
1588 3178 1947 3253 urgebatur,
1985 3184 2188 3238 tamen

223 3273 424 3327 morte
465 3264 698 3327 tristius
739 3274 910 3329 ratus
934 3261 1339 3327 Macedoniae
1381 3264 1565 3324 etiam
1586 3257 1994 3338 possessione
2023 3256 2187 3335 pelli,

225 3348 458 3411 dilectu
486 3347 709 3427 raptim
733 3367 848 3427 per
872 3350 1060 3413 urbes
1087 3348 1499 3409 Macedonum
1526 3343 1734 3407 habito
1766 3358 1906 3405 cum
1934 3358 2051 3405 sex
2076 3340 2188 3403 mi·

223 3430 389 3495 libus
399 3432 693 3531 peditum
721 3442 782 3496 et
809 3432 1158 3511 quingentis
1193 3428 1505 3509 equitibus
1546 3428 1712 3492 circa
1740 3426 1969 3492 Stobos
1996 3426 2187 3488 Paeo-

223 3516 368 3578 niae
396 3515 738 3595 improviso
769 3518 982 3579 hostes
1014 3516 1343 3593 oppressit.
1395 3530 1617 3591 magna
1644 3511 1965 3711 mlltlttitudo
1992 3507 2187 3571 homi·-
