2548 3950
336 233 461 298 274
585 234 814 293 LIBER
841 234 1134 293 xxxvu.
1183 234 1583 296 CAP.15.16.
1628 234 1702 309 [a.
1732 238 1803 293 u.
1834 256 1881 292 ο.
1912 236 2039 311 562]

338 404 442 448 sas
493 388 686 445 moles
737 384 886 458 sint,
942 391 1003 445 et
1039 383 1274 445 minore
1324 385 1673 445 molimento
1724 386 1995 460 aperturi
2047 392 2303 461 portum

339 484 518 547 quam
563 469 952 541 obstruatur?
1003 468 1102 529 sin
1137 474 1341 529 autem
1368 470 1737 529 manendum
1766 470 1849 529 ibi
1877 468 2065 529 nihilo
2088 470 2301 532 minus

337 556 442 628 sit,
487 552 637 627 quid
677 552 930 612 attinere
971 552 1170 611 claudi
1205 558 1493 626 portum?
1536 554 1680 627 quin
1710 559 1925 615 contra
1950 552 2089 613 illos
2120 552 2301 613 tutis-

337 639 491 699 simo
524 643 722 711 portu,
754 634 1216 710 opulentissima
1235 636 1389 695 urbe
1410 636 1686 709 fruentis,
1719 636 1919 696 omnia
1939 636 2095 697 Asia
2112 650 2299 711 prae-

335 722 548 793 bente,
589 720 793 793 quieta
834 718 1066 777 aestiva
1105 725 1381 778 acturosz
1440 719 1752 779 Romanos
1795 726 2011 793 aperto
2050 717 2113 778 in
2141 720 2307 780 mari

225 860 231 865 .
337 803 623 864 fluctibus
665 801 1252 876 tempestatibusque
1294 801 1600 876 obiectos,
1645 802 1913 863 omnium
1943 801 2194 877 inopes,
2236 804 2303 862 in

337 886 600 947 adsidua
625 885 886 947 statione
913 884 1170 958 futur0S,
1199 886 1376 959 ipsos
1397 886 1589 959 magis
1616 884 1917 961 adligatos
1938 884 2303 960 impeditos—

340 986 478 1046 que,
510 984 588 1028 ne
618 969 766 1044 quid
788 983 1004 1028 eorum
1025 982 1182 1043 quae
1204 967 1448 1042 agenda
1468 968 1591 1028 sint
1612 968 1853 1043 possint
1872 983 2075 1043 agere,
2112 983 2300 1043 quam

337 1062 404 1113 ut
429 1052 626 1112 hostis
667 1054 916 1112 clausos
942 1050 1228 1111 habeant.
1296 1050 1609 1111 Eudamus
1639 1052 1985 1126 praefectus
2012 1051 2305 1111 Rhodiae

339 1134 559 1196 classis
615 1136 812 1209 magis
868 1148 1001 1194 eam
1049 1134 1168 1193 sibi
1217 1134 1544 1209 displicere
1596 1135 1955 1196 sententiam
2011 1135 2304 1210 ostendit,

343 1234 520 1295 quam
551 1218 689 1292 ipse
715 1218 867 1292 quid.
895 1224 1176 1277 censeret
1203 1218 1549 1278 faciendum
1574 1218 1745 1277 dixit.
1786 1217 2105 1292 Epicrates
2124 1217 2303 1279 Rho·

341 1304 478 1363 dius
507 1302 740 1361 omissa
764 1301 825 1360 in
856 1299 1205 1375 praesentia
1221 1300 1472 1376 Epheso
1500 1301 1855 1362 mittendam
1880 1302 2126 1360 navium
2154 1316 2305 1377 par-

339 1395 459 1445 tem
488 1384 548 1443 in
576 1383 828 1462 Lyciam
857 1383 1122 1458 censuit,
1165 1390 1226 1444 et
1251 1384 1497 1457 Patara,
1529 1390 1715 1459 caput
1738 1384 1937 1459 gentis
1952 1429 1969 1456 ,
2000 1385 2061 1443 in
2092 1383 2303 1445 socie-

338 1478 522 1530 tatem
565 1468 975 1543 adiungenda.
1042 1468 1102 1526 in
1134 1469 1291 1529 duas
1332 1482 1588 1542 magnas
1628 1482 1731 1527 res
1772 1468 1839 1527 id
1863 1468 2005 1527 usui
2038 1468 2199 1529 forez
2243 1475 2309 1527 et

339 1551 634 1624 RhodioS,
667 1553 900 1626 pacatis
931 1557 1144 1611 contra
1167 1551 1429 1612 insulam
1460 1566 1633 1611 suam
1662 1552 1857 1625 terris,
1888 1550 2033 1611 totis
2060 1551 2304 1611 viribus

340 1635 690 1694 incumbere
731 1636 791 1694 in
831 1635 1014 1695 unius
1054 1635 1228 1709 belli,
1273 1635 1443 1710 quod
1472 1635 1775 1695 'adversus
1804 1634 2175 1695 Antiochum
2204 1635 2305 1711 sit,

343 1733 550 1778 curam
582 1732 800 1791 posse,
833 1724 893 1777 et
921 1734 1057 1778 eam
1085 1719 1377 1792 classem,
1412 1733 1571 1792 quae
1599 1719 1881 1797 in-Lycia
1908 1733 2305 1793 comparare-

341 1809 458 1875 tur,
485 1799 824 1873 intercludi,
854 1816 933 1859 ne
951 1801 1372 1878 Polyxenidae
1395 1802 1815 1877 coniungatur.
1860 1801 2015 1861 haee
2036 1800 2307 1861 maxime

341 1884 532 1945 movit
560 1884 878 1963 sententia.
921 1884 1151 1959 placuit
1176 1890 1379 1944 tamen
1408 1884 1710 1960 Regillum
1742 1886 1945 1945 classe
1972 1890 2099 1945 tota
2118 1883 2307 1944 evehi

345 1969 421 2030 ad
479 1974 720 2044 portum
772 1964 1004 2043 Ephesi
1059 1967 1140 2028 ad
1193 1967 1579 2029 inferendum
1642 1968 1925 2030 hostibus
1983 1974 2307 2030 terrorem.

340 2053 500 2113 XVI.
559 2051 621 2110 0.
649 2052 857 2112 Livius
901 2067 1040 2112 cum
1069 2053 1309 2113 duabus
1344 2053 1887 2128 quinqueremibus
1914 2052 2213 2113 Romanis
2244 2058 2309 2112 et

349 2141 632 2210 quattuor
665 2135 1152 2210 quadriremibus
1179 2135 1439 2197 Rhodiis
1469 2144 1531 2197 et
1554 2137 1797 2198 duabus
1826 2137 2055 2211 apertis
2086 2134 2307 2214 Smyr-

344 2219 514 2278 naeis
544 2219 604 2277 in
625 2217 878 2296 Lyciam
907 2226 1002 2280 est
1029 2219 1274 2292 missuS,
1304 2218 1589 2280 Rhodum
1610 2219 1785 2295 prius
1806 2221 2016 2280 iussus
2041 2219 2217 2280 adire
2246 2227 2313 2280 et

347 2303 547 2362 omnia
575 2317 713 2362 cum
742 2304 816 2362 iis
847 2304 1295 2362 communicare
1324 2303 1598 2364 consilia.
1640 2303 1916 2364 civitates
1942 2317 2099 2378 quas
2123 2317 2309 2378 prae-

343 2393 650 2446 tervectus
697 2393 822 2458 est,
864 2385 1106 2446 Miletus
1146 2385 1417 2462 Myndus
1457 2387 1927 2447 Halicarnassus
1970 2385 2135 2448 Cous
2164 2385 2311 2446 Cui-

347 2469 482 2542 duS,
516 2469 809 2544 imperata
835 2470 1016 2528 enixe
1046 2470 1336 2529 fecerunt.
1390 2470 1679 2531 Rhodum
1705 2476 1773 2533 ut
1799 2476 2046 2530 ventum
2072 2473 2187 2540 est,
2223 2469 2311 2530 si-

345 2554 468 2612 mul
497 2560 558 2612 et
586 2552 665 2612 ad
697 2565 877 2628 quam
905 2565 1035 2612 rem
1063 2553 1293 2612 missus
1325 2560 1495 2614 esset
1522 2554 1597 2614 iis
1626 2553 1943 2629 exposuit,
1986 2561 2048 2613 et
2074 2568 2309 2613 consu-

346 2636 454 2694 luit
482 2649 610 2695 eos.
659 2636 1142 2710 approbantibus
1173 2637 1427 2710 cunctis,
1458 2643 1520 2696 et
1546 2637 1624 2696 ad
1648 2651 1801 2711 eam,
1833 2651 2017 2712 quam
2036 2635 2315 2698 habebat

348 2719 640 2790 classem,
683 2719 1024 2792 adsumptis
1050 2717 1245 2779 tribus
1280 2720 1767 2794 quadriremibus
1794 2719 2042 2794 navigat
2064 2718 2311 2780 Patara.

347 2801 544 2874 primo
575 2801 891 2861 secundus
918 2809 1136 2862 ventus
1165 2803 1245 2863 ad
1265 2803 1465 2878 ipsam
1486 2804 1703 2864 urbem
1725 2802 1959 2864 ferebat
1981 2818 2127 2871 eos;
2157 2818 2313 2878 spe-

346 2883 687 2959 rabantque
716 2883 918 2945 subito
945 2892 1180 2947 terrore
1210 2887 1439 2962 aliquid
1467 2893 1762 2948 moturos.
1822 2892 2154 2962 postquam
2186 2887 2311 2946 cir-

349 2975 705 3043 cumagente
744 2981 816 3028 se
853 2976 1037 3030 vento
1089 2968 1377 3030 fluctibus
1429 2969 1633 3031 dubiis
1672 2971 1837 3031 volvi
1880 2976 2165 3045 coeptum
2210 2977 2317 3031 est

347 3066 531 3126 mare,
564 3053 950 3128 pervicerunt
979 3051 1224 3128 quidem
1249 3053 1468 3127 remis,
1496 3060 1565 3114 ut
1590 3059 1867 3114 tenerent
1888 3059 2144 3112 terrm=
2188 3055 2316 3113 sed

347 3147 548 3210 neque
590 3136 754 3196 circa
781 3137 996 3198 urbem
1025 3141 1151 3197 tuta
1179 3137 1359 3198 statio
1388 3144 1546 3212 erat,
1590 3152 1709 3198 nec
1736 3144 1876 3197 ante
1904 3136 2130 3197 ostium
2160 3149 2313 3212 por-

348 3224 445 3278 tus
475 3219 536 3278 in
569 3219 701 3279 salo
733 3226 898 3280 stare
924 3226 1208 3294 poterant
1236 3233 1461 3295 aspero
1481 3221 1630 3282 mari
1654 3227 1715 3281 et
1734 3227 1917 3280 nocte
1934 3220 2311 3280 imminente.

347 3303 747 3375 praetervecti
801 3304 1044 3363 moenia
1088 3310 1333 3377 portum
1375 3302 1822 3376 Phoenicunta,
1870 3304 2071 3363 minus
2116 3303 2317 3364 duum

347 3384 576 3444 milium
603 3385 802 3460 spatio
834 3385 977 3446 inde
1007 3387 1349 3460 distantem,
1380 3388 1629 3462 petiere,
1664 3386 1927 3448 navibus
1946 3403 1988 3447 a
2008 3384 2317 3446 maritima

345 3466 406 3524 vi
435 3474 654 3528 tutum=
699 3469 811 3527 sed
843 3471 998 3528 altae
1027 3471 1281 3544 insuper
1309 3470 1699 3532 imminebant
1724 3485 1933 3548 rupes,
1964 3483 2121 3546 quas
2146 3469 2317 3529 cele-
