2548 3950
567 205 797 266 LIBER
825 207 1094 268 XXXIV.
1137 207 1305 266 CAP.
1334 216 1421 270 32.
1443 217 1532 271 33.
1578 214 1650 282 [a.
1677 216 1744 275 c.
1766 218 1890 284 195]
2080 212 2205 276 153

240 367 296 422 te
325 355 671 420 habiturum
713 373 856 419 esse
892 358 1329 434 pronuntiasti,
1365 359 1508 420 iube
1537 359 1772 421 vinctos
1806 364 2094 438 produci,
2144 372 2207 426 ut

236 443 442 504 miseri
471 448 778 518 parenteS,
812 457 972 518 quos
998 443 1155 513 falso
1178 444 1409 518 lugent,
1444 443 1652 504 vivere
1675 445 1888 506 sciant.
1936 454 1996 506 at
2021 450 2203 524 enim,

234 528 453 590 utiam
480 527 565 588 ita
605 525 726 587 sint
766 525 950 600 haec,
995 526 1144 602 quid
1173 526 1254 586 ad
1281 543 1417 599 voS,
1446 528 1751 588 Romani?
1786 530 1906 590 hoc
1936 538 1998 590 tu
2028 532 2205 592 dicas

234 610 633 673 liberantibus
675 610 1036 670 Graeciam?
1077 609 1198 671 hoc
1238 611 1313 670 iis
1345 611 1479 688 qui,
1525 619 1587 672 ut
1619 613 1880 673 liberare
1924 626 2203 690 possent,

233 711 402 757 mare
443 693 840 768 traiecerunt,
882 700 1045 755 terra
1082 694 1362 770 marique
1402 703 1730 770 gesserunt
1765 698 2030 758 bellum?
2090 716 2205 760 vos

235 787 468 854 tamen,
511 777 750 855 inquis,
795 783 1190 854 vestramque
1218 779 1542 841 amicitiam
1571 797 1644 840 ac
1674 782 2030 842 societatem
2062 800 2201 858 pro-

237 865 366 943 prie
407 879 534 926 non
573 863 820 924 violavi.
878 862 1162 942 quotiens
1193 862 1287 922 vis
1316 869 1377 923 te
1404 863 1467 923 id
1496 879 1751 939 arguam
1778 868 2046 926 fecisse?
2090 870 2205 926 sed

235 951 377 1009 nolo
422 946 732 1024 pluribus:
789 962 1088 1007 summam
1128 962 1258 1007 rem
1301 949 1691 1023 complectar.
1756 950 1980 1024 quibus
2024 950 2207 1022 igitur

232 1033 421 1093 rebus
463 1029 728 1091 amicitia
770 1030 1070 1091 violatur?
1118 1046 1343 1107 nempe
1382 1030 1480 1092 his
1522 1032 1784 1092 maxime
1830 1034 2100 1106 duabUS,
2151 1034 2203 1093 si

234 1117 443 1178 socios
472 1129 646 1176 meos
679 1131 793 1190 pro
824 1113 1106 1176 hostibus
1135 1114 1389 1190 habeaS‚
1422 1115 1475 1176 si
1504 1131 1643 1177 cum
1664 1115 1946 1177 hostibus
1976 1124 2030 1176 te
2058 1134 2201 1177 con-

231 1201 475 1276 iungas.
517 1204 844 1274 utrumque
874 1214 913 1258 a
941 1204 1000 1259 te
1031 1199 1255 1259 factum
1278 1207 1406 1260 est=
1452 1215 1593 1260 nam
1615 1207 1676 1260 et
1696 1200 2044 1274 Messenen,
2078 1220 2205 1262 uno

233 1293 420 1360 atque
449 1283 669 1343 eodem
699 1283 830 1342 iure
859 1282 1129 1344 foederis
1162 1300 1286 1358 quo
1317 1291 1378 1342 et
1402 1283 1932 1344 Lacedaemonem
1962 1286 2022 1344 in
2057 1288 2203 1344 ami-

236 1369 439 1430 citiam
461 1372 735 1428 nostram
765 1373 1100 1442 acceptam,
1132 1367 1343 1427 socius
1367 1367 1504 1441 ipse
1526 1367 1759 1426 sociam
1784 1370 1962 1426 nobis
1990 1370 2207 1426 urbem

234 1453 292 1512 vi
322 1459 510 1527 atque
539 1450 724 1511 armis
756 1449 1006 1526 cepisti3
1055 1457 1116 1512 et
1144 1466 1284 1511 cum
1311 1449 1594 1525 Philippo
1624 1449 1804 1511 hoste
1836 1459 2046 1512 nostro
2080 1470 2205 1512 non

233 1536 592 1606 societatem
620 1537 820 1597 solum
848 1535 981 1608 sed,
1011 1535 1065 1594 si
1093 1534 1210 1594 diis
1240 1535 1461 1610 placet,
1492 1533 1864 1597 adfinitatem
1890 1538 2068 1596 etiam
2091 1552 2205 1612 per

229 1618 565 1680 Philoclem
606 1619 983 1694 praefectum
1025 1618 1160 1679 eius
1190 1617 1511 1695 pepigisti;
1556 1625 1616 1678 et
1643 1619 1866 1680 bellum
1900 1622 2205 1680 adversus

234 1720 350 1766 nos
378 1717 603 1778 gerens
645 1718 814 1764 mare
843 1703 1008 1763 circa
1034 1702 1295 1764 Maleam
1323 1700 1609 1764 infestum
1639 1704 1898 1762 navibus
1934 1706 2203 1778 piraticis

234 1787 462 1858 fecisti;
507 1794 568 1848 et
610 1788 822 1864 plures
863 1802 1060 1862 prope
1101 1787 1271 1848 cives
1298 1787 1613 1848 Romanos
1658 1803 1842 1862 quam
1882 1788 2203 1862 Philippus

234 1871 454 1949 cepisti
494 1878 681 1948 atque
724 1869 1038 1939 occidisti;
1081 1870 1391 1946 tutiorque
1420 1869 1822 1930 Macedoniae
1868 1888 1976 1930 ora
2020 1888 2203 1946 quam

231 1953 714 2033 promunturium
757 1953 993 2015 Maleae
1043 1959 1422 2015 commeatus
1475 1955 1554 2014 ad
1596 1956 1902 2015 exercitus
1954 1965 2203 2015 nostros

233 2040 620 2117 portantibus
643 2038 906 2099 navibus
932 2036 1058 2097 fuit.
1105 2037 1369 2113 proinde
1392 2053 1599 2113 parce,
1630 2037 1737 2113 εἰς,
1763 2039 1948 2099 fidem
1974 2057 2046 2099 ac
2070 2043 2205 2099 iura

230 2124 544 2186 societatis
587 2123 846 2194 iactare3
905 2126 964 2181 et
994 2122 1227 2182 omissa
1265 2122 1555 2197 populari
1585 2122 1860 2183 oratione
1894 2131 2199 2196 tamquam

230 2215 534 2287 tyrannus
564 2214 625 2268 et
652 2206 852 2269 hostis
887 2206 1204 2281 loquere.“

398 2292 664 2352 XXXIII.
729 2290 857 2353 Sub
900 2288 1056 2351 haec
1096 2288 1459 2350 Aristaenus
1504 2303 1667 2348 nunc
1710 2303 1960 2349 monere
1988 2293 2205 2349 Nabim

228 2391 398 2439 nunc
428 2376 608 2436 etiam
641 2391 836 2448 orare,
866 2379 951 2447 ut,
983 2373 1130 2435 dum
1158 2374 1387 2447 liceret,
1420 2373 1562 2433 dum
1596 2373 1842 2434 occasio
1870 2383 2054 2447 esset,
2088 2375 2205 2433 sibi

233 2477 309 2522 ac
339 2460 607 2528 fortunis,
629 2460 758 2521 suis
792 2458 1158 2520 consuleret.
1210 2458 1443 2518 referre
1472 2456 1697 2517 deinde
1725 2457 2078 2517 nominatim
2110 2465 2203 2535 ty-

227 2560 465 2605 rannos
490 2543 822 2605 civitatium
843 2541 1231 2603 finitimarum
1256 2540 1481 2622 coepit,
1513 2542 1617 2617 qui
1639 2541 1924 2617 deposito
1948 2543 2207 2617 imperio

228 2629 640 2704 restitutaque
678 2627 955 2688 libertate
991 2625 1124 2687 suis
1154 2643 1279 2687 non
1310 2632 1498 2687 tutam
1525 2625 1711 2687 modo
1741 2629 1856 2687 sed
1886 2629 2064 2687 etiam
2096 2627 2205 2687 ho-

229 2719 514 2773 noratam
561 2712 718 2772 inter
768 2709 922 2772 civis
975 2716 1354 2772 senectutem
1404 2710 1695 2785 egissent.
1768 2711 1862 2769 his
1916 2713 2094 2769 dictis
2146 2713 2207 2769 in

229 2797 433 2857 vicem
463 2794 816 2871 auditisque
843 2809 972 2856 nox
1001 2810 1198 2871 prope
1228 2794 1470 2855 diremit
1500 2793 1892 2869 colloquium.
1950 2803 2205 2869 postero

232 2880 338 2940 die
358 2879 546 2941 Nabis
569 2880 754 2955 Argis
779 2894 851 2941 se
875 2878 1098 2940 cedere
1122 2896 1195 2939 ac
1214 2878 1526 2939 deducere
1545 2878 1936 2954 praesidium,
1958 2879 2209 2951 quando

231 2964 320 3025 ita
347 2964 641 3026 Romanis
674 2964 975 3040 placeret,
1015 2970 1076 3025 et
1104 2962 1385 3039 captivos
1417 2970 1478 3023 et
1506 2963 1794 3038 perfugas
1826 2963 2207 3021 redditurum

231 3047 407 3108 dixit.
461 3048 628 3110 aliud
656 3049 711 3110 si
755 3047 904 3124 quid
947 3048 1356 3125 postularent,
1401 3047 1693 3122 scriptum
1723 3053 1788 3105 ut
1816 3047 2068 3103 ederent
2098 3061 2207 3117 pe-

231 3130 354 3207 tiit,
389 3138 457 3193 ut
485 3130 828 3193 deliberare
858 3148 995 3193 cum
1027 3131 1239 3191 amicis
1271 3136 1508 3205 posset.
1565 3130 1649 3189 ita
1676 3134 1737 3188 et
1763 3135 2024 3205 tyranno
2058 3135 2205 3185 tem-

230 3232 357 3291 pus
399 3216 604 3278 datum
647 3217 727 3276 ad
768 3215 1240 3278 consultandum
1283 3220 1407 3287 cst,
1450 3219 1511 3272 et
1537 3210 1850 3286 Quinctius
1894 3213 2209 3271 sociorum

228 3300 418 3362 etiam
467 3300 847 3375 principibus
900 3298 1187 3360 adhibitis
1230 3296 1443 3358 habuit
1492 3294 1830 3356 consilium.
1904 3295 2207 3353 maximae

228 3383 430 3460 partis
471 3384 776 3445 sententia
818 3389 950 3444 erat
992 3381 1516 3459 perseverandum
1547 3380 1608 3439 in
1636 3379 1798 3439 bello
1832 3395 1974 3439 esse
2004 3387 2062 3437 et
2090 3379 2205 3437 tol-

226 3468 486 3530 lendum
514 3475 872 3547 tyrannum:
903 3483 1237 3543 numquam
1258 3464 1431 3526 aliter
1453 3467 1643 3525 tutam
1664 3463 1996 3525 libertatem
2022 3463 2209 3521 Grae-
