2548 3950
321 181 447 244 152
655 181 886 242 LIBER
912 180 1179 241 XXXIV.
1231 178 1397 239 CAP.
1427 187 1515 240 32.
1561 185 1636 252 [a.
1662 185 1732 240 U.
1757 201 1805 236 c.
1829 184 1954 249 557]

488 331 726 392 XXXII.
767 331 869 391 Ad
895 331 1051 391 haec
1078 331 1411 404 imperator
1430 321 1746 388 Romanus
1775 327 2081 402 „amicitia
2105 335 2168 388 et
2193 345 2306 390 so-

320 418 514 478 cietas
555 415 730 476 nobis
770 415 938 475 nulla
964 422 1197 486 tecum,
1240 414 1354 473 sed
1385 428 1524 473 cum
1547 411 1777 488 Pelope
1803 426 1950 486 rege
1975 412 2300 473 Lacedae-

314 500 668 560 moniorum
706 499 868 560 iusto
911 514 985 559 ac
1024 497 1294 574 legitimo
1338 497 1499 558 facta
1519 500 1657 568 est,
1703 495 1878 557 cuius
1909 495 2008 555 ius
2040 498 2298 574 tyranni

324 598 577 660 quoque
591 629 607 654 ‚
653 583 756 658 qui
798 587 1019 658 postea
1047 597 1158 657 per
1184 582 1309 641 vim
1336 586 1662 642 tenuerunt
1685 578 2157 640 Lacedaemone
2187 581 2299 639 im-

315 667 595 744 perium,
628 667 773 742 quia
815 681 929 727 nos
965 665 1128 726 bella
1166 680 1330 725 nunc
1368 662 1602 723 Punica
1640 679 1804 724 nunc
1847 662 2079 723 Gallica
2125 679 2298 724 nunc

322 752 442 811 alia
480 766 560 811 ex
596 751 732 810 aliis
775 756 1257 825 occupaverant,
1300 754 1704 825 usurparunt,
1749 746 1909 807 sicut
1939 752 2009 806 tu
2037 762 2298 822 quoque

321 834 443 895 hoc
468 833 869 895 Macedonico
898 833 1061 894 bello
1094 833 1310 894 fecisti.
1357 847 1499 892 nam
1530 831 1679 906 quid
1705 830 1904 890 minus
1935 831 2302 890 conveniret

324 933 511 995 quam
540 933 671 992 eOS,
701 916 807 994 qui
837 933 951 992 pro
980 917 1257 977 libertate
1289 915 1580 976 Graeciae
1609 914 1910 974 adversus
1938 912 2298 990 Philippum

320 1016 677 1079 gereremus
718 1002 943 1062 bellum
960 1046 975 1073 ,
1021 1016 1158 1060 cum
1186 1007 1450 1078 tyranno
1483 999 1796 1060 instituere
1825 996 2196 1058 amicitiam?
2237 1005 2296 1058 et

323 1093 585 1164 tyranno
618 1100 801 1161 quarn
834 1085 938 1160 qui
970 1100 1261 1160 umquam
1293 1083 1403 1143 fuit
1433 1081 1798 1145 saevissimo
1829 1088 1892 1142 ct
1916 1081 2296 1142 violentissi-

326 1186 429 1230 mo
459 1169 520 1227 in
554 1183 725 1228 suos.
796 1167 977 1228 nobis
1007 1182 1177 1240 vero,
1216 1165 1454 1228 etiamsi
1483 1167 1689 1242 Argos
1717 1180 1832 1226 nec
1864 1165 2148 1240 cepisses
2183 1181 2296 1240 per

324 1252 603 1312 fraudem
630 1266 745 1311 nec
774 1257 1036 1324 tenereS,
1066 1250 1464 1311 liberantibus
1496 1264 1737 1310 omnem
1762 1248 2078 1310 Graeciam
2097 1249 2294 1309 Lace·

326 1338 588 1398 daemon
633 1351 884 1410 quoque
923 1333 1296 1395 vindicanda
1334 1335 1394 1394 in
1438 1333 1750 1411 antiquam
1790 1333 2132 1393 libertatem
2163 1339 2298 1394 erat

324 1412 511 1496 atque
543 1421 606 1479 in
633 1422 807 1495 leges
836 1435 1003 1491 suaS,
1035 1435 1294 1494 quarum
1319 1419 1843 1494 modotamquam
1871 1419 2152 1476 aemulus
2173 1417 2293 1495 Ly·

327 1505 495 1579 curgi
526 1505 893 1563 mentionem
926 1502 1140 1563 fecisti.
1209 1520 1285 1563 an
1315 1509 1384 1562 ut
1409 1503 1488 1562 ab
1515 1503 1657 1562 Iaso
1688 1508 1748 1562 et
1776 1502 2086 1578 Bargyliis
2113 1518 2292 1576 prae-

325 1587 487 1648 sidia
506 1585 768 1661 Philippi
793 1585 1192 1662 deducantur,
1210 1602 1396 1647 curae
1419 1587 1532 1648 erit
1552 1585 1762 1646 nobis=
1790 1586 1996 1659 Argos
2021 1591 2080 1644 et
2099 1584 2293 1645 Lace·

327 1671 718 1742 daemonem,
779 1670 935 1728 duas
993 1671 1364 1730 clarissimas
1421 1671 1643 1743 urbeS,
1698 1670 1926 1730 lumina
1979 1667 2291 1744 quondam

328 1753 642 1824 Graeciae,
672 1751 787 1812 sub
818 1751 1080 1826 pedibus
1112 1754 1233 1814 tuis
1261 1755 1699 1828 relinquemuS,
1732 1769 1888 1829 quae
1910 1753 2152 1813 titulum
2183 1770 2284 1813 no·

325 1837 424 1898 bis
452 1836 745 1897 liberatae
769 1833 1061 1895 Graeciae
1092 1837 1433 1897 servientes
1463 1838 1849 1897 deforment?
1877 1836 2120 1896 atenim
2154 1853 2290 1896 cum

322 1919 613 1996 Philippo
634 1919 845 1995 Argivi
870 1927 1214 1981 senserunt.
1244 1920 1602 1981 remittimus
1624 1919 1746 1980 hoc
1768 1919 1892 1993 tibi,
1919 1936 1998 1990 ne
2021 1927 2293 1984 nostram

324 2005 526 2064 vicem
565 2004 875 2064 irascaris.
940 2004 1091 2065 satis
1133 2011 1511 2079 compertum
1550 2004 1849 2065 habemus
1893 2005 2154 2066 duorum
2191 2012 2291 2065 aut

328 2103 631 2150 summum
668 2086 849 2148 trium
888 2088 949 2147 in
980 2103 1054 2147 ea
1080 2104 1178 2163 re,
1222 2104 1347 2148 non
1391 2088 1648 2149 civitatis
1682 2089 1924 2164 culpam
1951 2104 2128 2159 esse;
2175 2097 2294 2149 tam

326 2172 581 2233 hercule
613 2187 797 2249 quam
812 2172 884 2232 'in
912 2180 975 2233 te
993 2178 1223 2248 tuoque
1245 2172 1558 2248 praesidio
1583 2173 1961 2233 arcessendo
1986 2173 2289 2247 accipien-

329 2258 541 2333 doque
582 2257 644 2317 in
673 2273 880 2318 arcem
906 2256 1052 2316 nihil
1082 2272 1225 2317 esse
1255 2257 1503 2332 publico
1537 2257 1794 2316 consilio
1827 2264 2046 2317 actum.
2103 2257 2288 2316 Thes-

330 2343 499 2402 salos
532 2347 593 2401 et
616 2340 955 2402 Phocensis
986 2346 1047 2400 et
1065 2340 1394 2401 Locrensis
1427 2356 1737 2401 consensu
1768 2342 2032 2401 omnium
2063 2340 2288 2401 scimus

328 2426 589 2500 partium
630 2424 889 2499 Philippi
940 2423 1167 2493 fuisse3
1223 2430 1426 2484 tamen
1479 2439 1616 2484 cum
1660 2430 1863 2485 cetera
1902 2424 2289 2484 liberavimus

332 2507 621 2568 Graecia=
667 2507 817 2581 quid
843 2508 1090 2567 tandem
1119 2522 1339 2567 censes
1369 2508 1429 2567 in
1453 2508 1717 2583 Argivis,
1750 2508 1856 2584 qui
1878 2510 2156 2569 insontes
2185 2524 2286 2583 pu-

328 2592 472 2651 blici
503 2589 742 2651 consilii
772 2589 909 2661 sint,
942 2591 1257 2653 facturos?
1299 2607 1619 2653 servorum
1647 2591 1728 2652 ad
1749 2592 2089 2652 libertatem
2109 2608 2285 2651 voca-

328 2682 530 2735 torum
562 2682 620 2734 et
650 2673 972 2748 egentibus
1000 2674 1347 2735 hominibus
1373 2677 1502 2751 agri
1525 2676 1705 2737 divisi
1735 2675 1982 2735 crimina
2004 2676 2112 2737 tibi
2135 2676 2284 2737 obici

331 2758 615 2831 dicebaS,
656 2774 779 2817 non
822 2758 1071 2833 quidem
1110 2774 1225 2819 nec
1267 2761 1408 2836 ipsa
1444 2760 1808 2820 mediocria:
1852 2760 1965 2820 sed
1998 2760 2150 2835 quid
2174 2760 2284 2820 ista

332 2849 476 2903 sunt
507 2857 660 2917 prae
682 2840 793 2923 iiS,
840 2857 999 2917 quae
1040 2851 1166 2904 ate
1194 2844 1438 2919 tuisque
1483 2844 1754 2919 quotidie
1795 2844 1912 2903 alia
1955 2860 2146 2919 super
2175 2845 2282 2904 alia

332 2926 607 2988 facinora
636 2925 939 2987 eduntur?
980 2926 1203 2987 exhibe
1224 2927 1475 2989 liberam
1499 2928 1843 2989 contionem
1863 2929 1962 2988 vel
1986 2928 2172 3003 Arg-is
2191 2929 2282 2987 vel

276 3046 281 3051 -
327 3010 813 3084 Lacedaemone,
845 3010 899 3071 si
930 3011 1141 3070 audire
1169 3010 1337 3073 iuvat
1361 3028 1512 3072 vera
1539 3012 1970 3073 dominationis
1992 3012 2280 3088 impoten-

326 3096 605 3155 tissimae
636 3095 904 3155 crimina.
942 3102 1009 3155 ut
1039 3095 1243 3157 omnia
1271 3096 1391 3156 alia
1418 3098 1757 3157 vetustiora
1787 3096 2073 3170 omittam,
2107 3111 2284 3171 quam

328 3179 583 3239 caedem
610 3180 796 3253 Argis
824 3179 1209 3259 Pythagoras
1241 3180 1359 3241 iste
1387 3194 1576 3255 gener
1604 3188 1742 3241 tuus
1772 3193 1972 3255 paene
2001 3178 2066 3238 in
2095 3179 2284 3240 oculis

328 3261 483 3321 meis
514 3262 744 3322 edidit?
798 3279 981 3337 quam
1008 3271 1071 3325 tu
1104 3263 1260 3339 ipse,
1293 3280 1430 3325 cum
1459 3264 1576 3325 iam
1608 3278 1800 3339 prope
1829 3263 1890 3322 in
1921 3263 2154 3324 finibus
2173 3264 2280 3323 La·

331 3345 864 3405 cedaemoniorum
896 3353 1143 3406 essem?
1188 3349 1479 3421 agedum,
1525 3364 1684 3422 quos
1715 3347 1777 3405 in
1810 3347 2095 3407 contione
2125 3362 2280 3407 com-

328 3427 677 3503 prehensos
722 3426 1006 3488 omnibus
1048 3430 1434 3491 audientibus
1477 3430 1712 3491 civibus
1755 3430 1873 3491 tuis
1912 3431 1974 3491 in
2006 3430 2273 3492 custodia
