<?xml version="1.0" encoding="UTF-8"?>
<!DOCTYPE html PUBLIC "-//W3C//DTD XHTML 1.0 Transitional//EN"
    "http://www.w3.org/TR/xhtml1/DTD/xhtml1-transitional.dtd">
<html xmlns="http://www.w3.org/1999/xhtml" xml:lang="en" lang="en">
 <head>
  <title>
</title>
<meta http-equiv="Content-Type" content="text/html;charset=utf-8" />
  <meta name='ocr-system' content='tesseract 3.04.00' />
  <meta name='ocr-capabilities' content='ocr_page ocr_carea ocr_par ocr_line ocrx_word'/>
</head>
<body>
  <div class='ocr_page' id='page_1' title='image "./aburbeconditali14livygoog_0178.png"; bbox 0 0 2548 3950; ppageno 0'>
   <div class='ocr_carea' id='block_1_1' title="bbox 700 240 2279 317">
    <p class='ocr_par' dir='ltr' id='par_1_1' title="bbox 700 240 2279 317">
     <span class='ocr_line' id='line_1_1' title="bbox 700 240 2279 317; baseline 0.003 -15"><span class='ocrx_word' id='word_1_1' title='bbox 700 241 932 303; x_wconf 88' lang='lat' dir='ltr'>LIBER</span> <span class='ocrx_word' id='word_1_2' title='bbox 957 241 1227 303; x_wconf 82' lang='lat' dir='ltr'>XXXIV.</span> <span class='ocrx_word' id='word_1_3' title='bbox 1265 241 1443 302; x_wconf 69' lang='lat' dir='ltr'><strong>CAP.</strong></span> <span class='ocrx_word' id='word_1_4' title='bbox 1470 251 1560 305; x_wconf 80' lang='lat'><strong>31.</strong></span> <span class='ocrx_word' id='word_1_5' title='bbox 1603 249 1676 317; x_wconf 80' lang='lat' dir='ltr'><strong>[a.</strong></span> <span class='ocrx_word' id='word_1_6' title='bbox 1702 248 1766 302; x_wconf 84' lang='lat' dir='ltr'><strong>C.</strong></span> <span class='ocrx_word' id='word_1_7' title='bbox 1789 248 1912 315; x_wconf 75' lang='lat'>195]</span> <span class='ocrx_word' id='word_1_8' title='bbox 2157 240 2279 306; x_wconf 79' lang='lat'><strong>151</strong></span> 
     </span>
    </p>
   </div>
   <div class='ocr_carea' id='block_1_2' title="bbox 308 380 2288 3571">
    <p class='ocr_par' dir='ltr' id='par_1_2' title="bbox 308 380 2288 3571">
     <span class='ocr_line' id='line_1_2' title="bbox 314 380 2280 472; baseline -0.003 -13"><span class='ocrx_word' id='word_1_9' title='bbox 314 399 640 472; x_wconf 61' lang='lat' dir='ltr'><strong>tempore?</strong></span> <span class='ocrx_word' id='word_1_10' title='bbox 681 403 784 455; x_wconf 83' lang='lat' dir='ltr'><strong>res</strong></span> <span class='ocrx_word' id='word_1_11' title='bbox 824 380 969 468; x_wconf 68' lang='lat' dir='ltr'><strong>inihi</strong></span> <span class='ocrx_word' id='word_1_12' title='bbox 1008 389 1321 469; x_wconf 75' lang='lat' dir='ltr'><strong>duplicem</strong></span> <span class='ocrx_word' id='word_1_13' title='bbox 1363 393 1785 454; x_wconf 79' lang='lat' dir='ltr'><strong>defensionem</strong></span> <span class='ocrx_word' id='word_1_14' title='bbox 1811 393 2097 470; x_wconf 62' lang='lat' dir='ltr'><strong>praeben</strong></span> <span class='ocrx_word' id='word_1_15' title='bbox 2139 410 2280 454; x_wconf 87' lang='lat' dir='ltr'><strong>nam</strong></span> 
     </span>
     <span class='ocr_line' id='line_1_3' title="bbox 315 475 2282 556; baseline -0.001 -15"><span class='ocrx_word' id='word_1_16' title='bbox 315 488 383 541; x_wconf 86' lang='lat' dir='ltr'><strong>et</strong></span> <span class='ocrx_word' id='word_1_17' title='bbox 410 479 566 556; x_wconf 91' lang='lat' dir='ltr'><strong>ipsis</strong></span> <span class='ocrx_word' id='word_1_18' title='bbox 595 475 959 539; x_wconf 78' lang='lat' dir='ltr'><strong>&#39;vocantibus</strong></span> <span class='ocrx_word' id='word_1_19' title='bbox 989 493 1062 538; x_wconf 90' lang='lat' dir='ltr'><strong>ac</strong></span> <span class='ocrx_word' id='word_1_20' title='bbox 1089 477 1469 539; x_wconf 73' lang='lat' dir='ltr'><strong>tradentibus</strong></span> <span class='ocrx_word' id='word_1_21' title='bbox 1498 477 1714 538; x_wconf 87' lang='lat' dir='ltr'><strong>urbem</strong></span> <span class='ocrx_word' id='word_1_22' title='bbox 1737 491 1872 538; x_wconf 86' lang='lat' dir='ltr'><strong>cam</strong></span> <span class='ocrx_word' id='word_1_23' title='bbox 1893 477 2125 554; x_wconf 87' lang='lat' dir='ltr'><strong>accepi,</strong></span> <span class='ocrx_word' id='word_1_24' title='bbox 2155 493 2282 540; x_wconf 86' lang='lat' dir='ltr'><strong>non</strong></span> 
     </span>
     <span class='ocr_line' id='line_1_4' title="bbox 312 559 2282 640; baseline -0.001 -14"><span class='ocrx_word' id='word_1_25' title='bbox 312 562 661 640; x_wconf 76' lang='lat' dir='ltr'><strong>occupavi3</strong></span> <span class='ocrx_word' id='word_1_26' title='bbox 726 565 787 622; x_wconf 81' lang='lat' dir='ltr'><strong>e&#39;t</strong></span> <span class='ocrx_word' id='word_1_27' title='bbox 826 562 1041 637; x_wconf 91' lang='lat' dir='ltr'><strong>accepi</strong></span> <span class='ocrx_word' id='word_1_28' title='bbox 1080 559 1296 622; x_wconf 80' lang='lat' dir='ltr'><strong>urbem</strong></span> <span class='ocrx_word' id='word_1_29' title='bbox 1338 573 1474 622; x_wconf 83' lang='lat' dir='ltr'><strong>curn</strong></span> <span class='ocrx_word' id='word_1_30' title='bbox 1511 559 1776 637; x_wconf 81' lang='lat' dir='ltr'><strong>Philippi</strong></span> <span class='ocrx_word' id='word_1_31' title='bbox 1813 562 2104 637; x_wconf 85' lang='lat' dir='ltr'><strong>partium,</strong></span> <span class='ocrx_word' id='word_1_32' title='bbox 2155 576 2282 624; x_wconf 88' lang='lat' dir='ltr'><strong>non</strong></span> 
     </span>
     <span class='ocr_line' id='line_1_5' title="bbox 314 646 2279 721; baseline -0.002 -12"><span class='ocrx_word' id='word_1_33' title='bbox 314 649 382 710; x_wconf 86' lang='lat' dir='ltr'><strong>in</strong></span> <span class='ocrx_word' id='word_1_34' title='bbox 422 651 632 708; x_wconf 77' lang='lat' dir='ltr'><strong>vesti-a</strong></span> <span class='ocrx_word' id='word_1_35' title='bbox 669 646 967 708; x_wconf 84' lang='lat' dir='ltr'><strong>societate</strong></span> <span class='ocrx_word' id='word_1_36' title='bbox 1002 651 1192 706; x_wconf 80' lang='lat' dir='ltr'><strong>esset.</strong></span> <span class='ocrx_word' id='word_1_37' title='bbox 1263 653 1507 721; x_wconf 87' lang='lat' dir='ltr'><strong>tempus</strong></span> <span class='ocrx_word' id='word_1_38' title='bbox 1549 653 1752 707; x_wconf 88' lang='lat' dir='ltr'><strong>autem</strong></span> <span class='ocrx_word' id='word_1_39' title='bbox 1793 660 1868 705; x_wconf 92' lang='lat' dir='ltr'><strong>eo</strong></span> <span class='ocrx_word' id='word_1_40' title='bbox 1905 661 2008 705; x_wconf 86' lang='lat' dir='ltr'><strong>me</strong></span> <span class='ocrx_word' id='word_1_41' title='bbox 2045 646 2279 721; x_wconf 82' lang='lat' dir='ltr'><strong>liberat,</strong></span> 
     </span>
     <span class='ocr_line' id='line_1_6' title="bbox 316 727 2284 809; baseline 0 -17"><span class='ocrx_word' id='word_1_42' title='bbox 316 730 496 809; x_wconf 90' lang='lat' dir='ltr'><strong>quod</strong></span> <span class='ocrx_word' id='word_1_43' title='bbox 538 746 672 791; x_wconf 88' lang='lat' dir='ltr'><strong>cum</strong></span> <span class='ocrx_word' id='word_1_44' title='bbox 702 732 833 790; x_wconf 71' lang='lat' dir='ltr'><strong>&#39;lam</strong></span> <span class='ocrx_word' id='word_1_45' title='bbox 860 731 1064 806; x_wconf 72' lang='lat' dir='ltr'><strong>Argos</strong></span> <span class='ocrx_word' id='word_1_46' title='bbox 1105 727 1424 804; x_wconf 86' lang='lat' dir='ltr'><strong>haberem,</strong></span> <span class='ocrx_word' id='word_1_47' title='bbox 1467 727 1735 790; x_wconf 87' lang='lat' dir='ltr'><strong>societas</strong></span> <span class='ocrx_word' id='word_1_48' title='bbox 1773 729 1919 790; x_wconf 89' lang='lat' dir='ltr'><strong>mihi</strong></span> <span class='ocrx_word' id='word_1_49' title='bbox 1960 729 2284 792; x_wconf 86' lang='lat' dir='ltr'><strong>vobiscum</strong></span> 
     </span>
     <span class='ocr_line' id='line_1_7' title="bbox 316 812 2286 889; baseline 0 -13"><span class='ocrx_word' id='word_1_50' title='bbox 316 815 639 886; x_wconf 84' lang='lat' dir='ltr'><strong>convenit;</strong></span> <span class='ocrx_word' id='word_1_51' title='bbox 691 819 753 875; x_wconf 89' lang='lat' dir='ltr'><strong>et</strong></span> <span class='ocrx_word' id='word_1_52' title='bbox 780 819 848 874; x_wconf 87' lang='lat' dir='ltr'><strong>ut</strong></span> <span class='ocrx_word' id='word_1_53' title='bbox 870 813 1049 874; x_wconf 78' lang='lat' dir='ltr'><strong>vobis</strong></span> <span class='ocrx_word' id='word_1_54' title='bbox 1076 814 1376 874; x_wconf 77' lang='lat' dir='ltr'><strong>mitterem</strong></span> <span class='ocrx_word' id='word_1_55' title='bbox 1406 813 1486 874; x_wconf 85' lang='lat' dir='ltr'><strong>ad</strong></span> <span class='ocrx_word' id='word_1_56' title='bbox 1511 812 1739 874; x_wconf 90' lang='lat' dir='ltr'><strong>bellum</strong></span> <span class='ocrx_word' id='word_1_57' title='bbox 1768 813 2025 889; x_wconf 86' lang='lat' dir='ltr'><strong>auxilia,</strong></span> <span class='ocrx_word' id='word_1_58' title='bbox 2065 831 2189 876; x_wconf 90' lang='lat' dir='ltr'><strong>non</strong></span> <span class='ocrx_word' id='word_1_59' title='bbox 2213 822 2286 876; x_wconf 83' lang='lat' dir='ltr'><strong>ut</strong></span> 
     </span>
     <span class='ocr_line' id='line_1_8' title="bbox 315 895 2284 974; baseline -0.001 -14"><span class='ocrx_word' id='word_1_60' title='bbox 315 899 506 974; x_wconf 78' lang='lat' dir='ltr'><strong>Argis</strong></span> <span class='ocrx_word' id='word_1_61' title='bbox 535 895 914 974; x_wconf 76' lang='lat' dir='ltr'><strong>&#39;praesidium</strong></span> <span class='ocrx_word' id='word_1_62' title='bbox 944 897 1314 959; x_wconf 84' lang='lat' dir='ltr'><strong>deducerem</strong></span> <span class='ocrx_word' id='word_1_63' title='bbox 1342 895 1686 973; x_wconf 83' lang='lat' dir='ltr'><strong>pepigistis.</strong></span> <span class='ocrx_word' id='word_1_64' title='bbox 1750 903 1815 958; x_wconf 80' lang='lat' dir='ltr'><strong>a&#39;t</strong></span> <span class='ocrx_word' id='word_1_65' title='bbox 1838 897 2088 958; x_wconf 76' lang='lat' dir='ltr'><strong>hercule</strong></span> <span class='ocrx_word' id='word_1_66' title='bbox 2098 897 2178 958; x_wconf 89' lang='lat' dir='ltr'><strong>in</strong></span> <span class='ocrx_word' id='word_1_67' title='bbox 2207 913 2284 959; x_wconf 85' lang='lat' dir='ltr'><strong>ea</strong></span> 
     </span>
     <span class='ocr_line' id='line_1_9' title="bbox 314 978 2283 1060; baseline 0 -16"><span class='ocrx_word' id='word_1_68' title='bbox 314 978 744 1044; x_wconf 81' lang='lat' dir='ltr'><strong>controversia</strong></span> <span class='ocrx_word' id='word_1_69' title='bbox 774 989 933 1060; x_wconf 87' lang='lat' dir='ltr'><strong>quae</strong></span> <span class='ocrx_word' id='word_1_70' title='bbox 962 982 1041 1041; x_wconf 90' lang='lat' dir='ltr'><strong>de</strong></span> <span class='ocrx_word' id='word_1_71' title='bbox 1062 983 1248 1056; x_wconf 82' lang='lat' dir='ltr'><strong>Argis</strong></span> <span class='ocrx_word' id='word_1_72' title='bbox 1278 988 1390 1054; x_wconf 86' lang='lat' dir='ltr'><strong>est,</strong></span> <span class='ocrx_word' id='word_1_73' title='bbox 1421 980 1705 1056; x_wconf 86' lang='lat' dir='ltr'><strong>superior</strong></span> <span class='ocrx_word' id='word_1_74' title='bbox 1732 989 1870 1044; x_wconf 81' lang='lat' dir='ltr'><strong>sum</strong></span> <span class='ocrx_word' id='word_1_75' title='bbox 1895 987 1958 1041; x_wconf 88' lang='lat' dir='ltr'><strong>et</strong></span> <span class='ocrx_word' id='word_1_76' title='bbox 1977 982 2283 1056; x_wconf 82' lang='lat' dir='ltr'><strong>aequitate</strong></span> 
     </span>
     <span class='ocr_line' id='line_1_10' title="bbox 318 1064 2280 1146; baseline -0.001 -18"><span class='ocrx_word' id='word_1_77' title='bbox 318 1069 428 1137; x_wconf 89' lang='lat' dir='ltr'><strong>rei,</strong></span> <span class='ocrx_word' id='word_1_78' title='bbox 464 1065 632 1143; x_wconf 90' lang='lat' dir='ltr'><strong>quod</strong></span> <span class='ocrx_word' id='word_1_79' title='bbox 658 1075 784 1127; x_wconf 88' lang='lat' dir='ltr'><strong>non</strong></span> <span class='ocrx_word' id='word_1_80' title='bbox 806 1068 1081 1127; x_wconf 72' lang='lat' dir='ltr'><strong>vestram</strong></span> <span class='ocrx_word' id='word_1_81' title='bbox 1107 1064 1350 1141; x_wconf 83' lang='lat' dir='ltr'><strong>urbem,</strong></span> <span class='ocrx_word' id='word_1_82' title='bbox 1391 1065 1506 1126; x_wconf 88' lang='lat' dir='ltr'><strong>sed</strong></span> <span class='ocrx_word' id='word_1_83' title='bbox 1533 1065 1828 1141; x_wconf 76' lang='lat' dir='ltr'><strong>hostium,</strong></span> <span class='ocrx_word' id='word_1_84' title='bbox 1873 1066 2042 1146; x_wconf 82' lang='lat' dir='ltr'><strong>quod</strong></span> <span class='ocrx_word' id='word_1_85' title='bbox 2069 1067 2280 1126; x_wconf 80' lang='lat' dir='ltr'><strong>volen-</strong></span> 
     </span>
     <span class='ocr_line' id='line_1_11' title="bbox 326 1140 2284 1226; baseline 0.001 -16.001"><span class='ocrx_word' id='word_1_86' title='bbox 326 1156 473 1223; x_wconf 67' lang='lat' dir='ltr'><strong>Jem,</strong></span> <span class='ocrx_word' id='word_1_87' title='bbox 504 1165 630 1212; x_wconf 90' lang='lat' dir='ltr'><strong>non</strong></span> <span class='ocrx_word' id='word_1_88' title='bbox 658 1149 721 1209; x_wconf 87' lang='lat' dir='ltr'><strong>vi</strong></span> <span class='ocrx_word' id='word_1_89' title='bbox 749 1150 1025 1212; x_wconf 80' lang='lat' dir='ltr'><strong>coactam</strong></span> <span class='ocrx_word' id='word_1_90' title='bbox 1048 1151 1297 1225; x_wconf 86' lang='lat' dir='ltr'><strong>accepi,</strong></span> <span class='ocrx_word' id='word_1_91' title='bbox 1328 1156 1388 1208; x_wconf 88' lang='lat' dir='ltr'><strong>et</strong></span> <span class='ocrx_word' id='word_1_92' title='bbox 1412 1155 1622 1210; x_wconf 83' lang='lat' dir='ltr'><strong>vestra</strong></span> <span class='ocrx_word' id='word_1_93' title='bbox 1651 1149 2076 1226; x_wconf 78' lang='lat' dir='ltr'><strong>confessione,</strong></span> <span class='ocrx_word' id='word_1_94' title='bbox 2115 1140 2284 1226; x_wconf 85' lang='lat' dir='ltr'><strong>quod</strong></span> 
     </span>
     <span class='ocr_line' id='line_1_12' title="bbox 318 1225 2281 1312; baseline -0.001 -16"><span class='ocrx_word' id='word_1_95' title='bbox 318 1233 385 1296; x_wconf 88' lang='lat' dir='ltr'><strong>in</strong></span> <span class='ocrx_word' id='word_1_96' title='bbox 430 1225 891 1294; x_wconf 73' lang='lat' dir='ltr'><strong>condicionibus</strong></span> <span class='ocrx_word' id='word_1_97' title='bbox 934 1233 1246 1294; x_wconf 84' lang='lat' dir='ltr'><strong>societatis</strong></span> <span class='ocrx_word' id='word_1_98' title='bbox 1285 1228 1494 1309; x_wconf 77' lang='lat' dir='ltr'><strong>Argos</strong></span> <span class='ocrx_word' id='word_1_99' title='bbox 1535 1232 1682 1292; x_wconf 86' lang='lat' dir='ltr'><strong>mihi</strong></span> <span class='ocrx_word' id='word_1_100' title='bbox 1721 1233 2074 1312; x_wconf 84' lang='lat' dir='ltr'><strong>reliquistis.</strong></span> <span class='ocrx_word' id='word_1_101' title='bbox 2121 1241 2281 1295; x_wconf 88' lang='lat' dir='ltr'><strong>cete·</strong></span> 
     </span>
     <span class='ocr_line' id='line_1_13' title="bbox 314 1317 2284 1396; baseline 0 -18"><span class='ocrx_word' id='word_1_102' title='bbox 314 1334 457 1378; x_wconf 85' lang='lat' dir='ltr'><strong>rum</strong></span> <span class='ocrx_word' id='word_1_103' title='bbox 484 1332 705 1378; x_wconf 90' lang='lat' dir='ltr'><strong>nomen</strong></span> <span class='ocrx_word' id='word_1_104' title='bbox 736 1319 981 1396; x_wconf 73' lang='lat' dir='ltr'><strong>tyranni</strong></span> <span class='ocrx_word' id='word_1_105' title='bbox 1010 1321 1070 1378; x_wconf 82' lang='lat' dir='ltr'><strong>et</strong></span> <span class='ocrx_word' id='word_1_106' title='bbox 1097 1319 1258 1378; x_wconf 81' lang='lat' dir='ltr'><strong>facta</strong></span> <span class='ocrx_word' id='word_1_107' title='bbox 1283 1331 1384 1376; x_wconf 88' lang='lat' dir='ltr'><strong>mc</strong></span> <span class='ocrx_word' id='word_1_108' title='bbox 1412 1323 1724 1392; x_wconf 87' lang='lat' dir='ltr'><strong>premunt,</strong></span> <span class='ocrx_word' id='word_1_109' title='bbox 1756 1317 1927 1392; x_wconf 89' lang='lat' dir='ltr'><strong>quod</strong></span> <span class='ocrx_word' id='word_1_110' title='bbox 1953 1333 2172 1380; x_wconf 89' lang='lat' dir='ltr'><strong>servos</strong></span> <span class='ocrx_word' id='word_1_111' title='bbox 2203 1318 2284 1378; x_wconf 90' lang='lat' dir='ltr'><strong>ad</strong></span> 
     </span>
     <span class='ocr_line' id='line_1_14' title="bbox 314 1397 2283 1478; baseline -0.002 -16"><span class='ocrx_word' id='word_1_112' title='bbox 314 1403 656 1462; x_wconf 81' lang='lat' dir='ltr'><strong>libertatem</strong></span> <span class='ocrx_word' id='word_1_113' title='bbox 699 1416 889 1476; x_wconf 92' lang='lat' dir='ltr'><strong>voco,</strong></span> <span class='ocrx_word' id='word_1_114' title='bbox 932 1397 1144 1478; x_wconf 55' lang='lat' dir='ltr'><strong>quod*</strong></span> <span class='ocrx_word' id='word_1_115' title='bbox 1126 1417 1189 1460; x_wconf 87' lang='lat' dir='ltr'><strong>m</strong></span> <span class='ocrx_word' id='word_1_116' title='bbox 1228 1405 1414 1475; x_wconf 82' lang='lat' dir='ltr'><strong>agros</strong></span> <span class='ocrx_word' id='word_1_117' title='bbox 1459 1401 1708 1475; x_wconf 88' lang='lat' dir='ltr'><strong>inopem</strong></span> <span class='ocrx_word' id='word_1_118' title='bbox 1746 1401 1990 1476; x_wconf 86' lang='lat' dir='ltr'><strong>plebem</strong></span> <span class='ocrx_word' id='word_1_119' title='bbox 2020 1400 2283 1464; x_wconf 89' lang='lat' dir='ltr'><strong>deduco.</strong></span> 
     </span>
     <span class='ocr_line' id='line_1_15' title="bbox 312 1485 2285 1561; baseline -0.001 -16"><span class='ocrx_word' id='word_1_120' title='bbox 312 1485 401 1545; x_wconf 83' lang='lat' dir='ltr'><strong>de</strong></span> <span class='ocrx_word' id='word_1_121' title='bbox 442 1485 688 1546; x_wconf 89' lang='lat' dir='ltr'><strong>nomine</strong></span> <span class='ocrx_word' id='word_1_122' title='bbox 727 1485 850 1546; x_wconf 89' lang='lat' dir='ltr'><strong>hoc</strong></span> <span class='ocrx_word' id='word_1_123' title='bbox 888 1485 1272 1561; x_wconf 78' lang='lat' dir='ltr'><strong>respondere</strong></span> <span class='ocrx_word' id='word_1_124' title='bbox 1313 1499 1604 1560; x_wconf 89' lang='lat' dir='ltr'><strong>possum,</strong></span> <span class='ocrx_word' id='word_1_125' title='bbox 1654 1499 1783 1559; x_wconf 89' lang='lat' dir='ltr'><strong>me,</strong></span> <span class='ocrx_word' id='word_1_126' title='bbox 1835 1485 2285 1561; x_wconf 88' lang='lat' dir='ltr'><strong>qualiscunque</strong></span> 
     </span>
     <span class='ocr_line' id='line_1_16' title="bbox 314 1565 2282 1646; baseline -0.002 -16"><span class='ocrx_word' id='word_1_127' title='bbox 314 1583 490 1642; x_wconf 85' lang='lat' dir='ltr'><strong>sum,</strong></span> <span class='ocrx_word' id='word_1_128' title='bbox 535 1584 673 1628; x_wconf 89' lang='lat' dir='ltr'><strong>eum</strong></span> <span class='ocrx_word' id='word_1_129' title='bbox 716 1582 860 1632; x_wconf 90' lang='lat' dir='ltr'><strong>esse</strong></span> <span class='ocrx_word' id='word_1_130' title='bbox 896 1569 1005 1645; x_wconf 91' lang='lat' dir='ltr'><strong>qui</strong></span> <span class='ocrx_word' id='word_1_131' title='bbox 1020 1569 1149 1646; x_wconf 62' lang='lat' dir='ltr'><strong>rui,</strong></span> <span class='ocrx_word' id='word_1_132' title='bbox 1193 1583 1331 1629; x_wconf 88' lang='lat' dir='ltr'><strong>cum</strong></span> <span class='ocrx_word' id='word_1_133' title='bbox 1357 1575 1422 1628; x_wconf 90' lang='lat' dir='ltr'><strong>tu</strong></span> <span class='ocrx_word' id='word_1_134' title='bbox 1449 1569 1586 1643; x_wconf 90' lang='lat' dir='ltr'><strong>ipse</strong></span> <span class='ocrx_word' id='word_1_135' title='bbox 1615 1582 1883 1643; x_wconf 87' lang='lat' dir='ltr'><strong>mecum,</strong></span> <span class='ocrx_word' id='word_1_136' title='bbox 1923 1568 1990 1628; x_wconf 86' lang='lat' dir='ltr'><strong>T.</strong></span> <span class='ocrx_word' id='word_1_137' title='bbox 2021 1565 2282 1641; x_wconf 81' lang='lat' dir='ltr'><strong>Quincti,</strong></span> 
     </span>
     <span class='ocr_line' id='line_1_17' title="bbox 316 1650 2284 1728; baseline -0.001 -14"><span class='ocrx_word' id='word_1_138' title='bbox 316 1653 677 1714; x_wconf 87' lang='lat' dir='ltr'><strong>societatem</strong></span> <span class='ocrx_word' id='word_1_139' title='bbox 704 1652 1016 1728; x_wconf 73' lang='lat' dir='ltr'><strong>pepigisti.</strong></span> <span class='ocrx_word' id='word_1_140' title='bbox 1060 1659 1190 1712; x_wconf 91' lang='lat' dir='ltr'><strong>tum</strong></span> <span class='ocrx_word' id='word_1_141' title='bbox 1217 1664 1317 1711; x_wconf 90' lang='lat' dir='ltr'><strong>me</strong></span> <span class='ocrx_word' id='word_1_142' title='bbox 1343 1662 1552 1726; x_wconf 84' lang='lat' dir='ltr'><strong>regem</strong></span> <span class='ocrx_word' id='word_1_143' title='bbox 1571 1651 1870 1728; x_wconf 81' lang='lat' dir='ltr'><strong>appellari</strong></span> <span class='ocrx_word' id='word_1_144' title='bbox 1900 1667 1937 1711; x_wconf 87' lang='lat' dir='ltr'><strong>a</strong></span> <span class='ocrx_word' id='word_1_145' title='bbox 1953 1650 2134 1713; x_wconf 87' lang='lat' dir='ltr'><strong>vobis</strong></span> <span class='ocrx_word' id='word_1_146' title='bbox 2157 1665 2284 1712; x_wconf 89' lang='lat' dir='ltr'><strong>me·</strong></span> 
     </span>
     <span class='ocr_line' id='line_1_18' title="bbox 314 1735 2284 1814; baseline -0.001 -18"><span class='ocrx_word' id='word_1_147' title='bbox 314 1737 497 1811; x_wconf 88' lang='lat' dir='ltr'><strong>mini,</strong></span> <span class='ocrx_word' id='word_1_148' title='bbox 540 1751 703 1796; x_wconf 88' lang='lat' dir='ltr'><strong>nunc</strong></span> <span class='ocrx_word' id='word_1_149' title='bbox 728 1745 1060 1814; x_wconf 80' lang='lat' dir='ltr'><strong>tyrannum</strong></span> <span class='ocrx_word' id='word_1_150' title='bbox 1087 1736 1298 1798; x_wconf 87' lang='lat' dir='ltr'><strong>vocari</strong></span> <span class='ocrx_word' id='word_1_151' title='bbox 1327 1736 1528 1796; x_wconf 88' lang='lat' dir='ltr'><strong>video.</strong></span> <span class='ocrx_word' id='word_1_152' title='bbox 1591 1735 1799 1812; x_wconf 89' lang='lat' dir='ltr'><strong>itaque</strong></span> <span class='ocrx_word' id='word_1_153' title='bbox 1828 1735 1885 1796; x_wconf 90' lang='lat' dir='ltr'><strong>si</strong></span> <span class='ocrx_word' id='word_1_154' title='bbox 1912 1751 2028 1810; x_wconf 85' lang='lat' dir='ltr'><strong>ego</strong></span> <span class='ocrx_word' id='word_1_155' title='bbox 2059 1749 2284 1798; x_wconf 89' lang='lat' dir='ltr'><strong>nomen</strong></span> 
     </span>
     <span class='ocr_line' id='line_1_19' title="bbox 314 1816 2284 1894; baseline 0 -14"><span class='ocrx_word' id='word_1_156' title='bbox 314 1819 558 1894; x_wconf 88' lang='lat' dir='ltr'><strong>imperii</strong></span> <span class='ocrx_word' id='word_1_157' title='bbox 585 1825 938 1894; x_wconf 83' lang='lat' dir='ltr'><strong>mutassem,</strong></span> <span class='ocrx_word' id='word_1_158' title='bbox 966 1816 1112 1880; x_wconf 88' lang='lat' dir='ltr'><strong>mihi</strong></span> <span class='ocrx_word' id='word_1_159' title='bbox 1139 1833 1314 1881; x_wconf 88' lang='lat' dir='ltr'><strong>meae</strong></span> <span class='ocrx_word' id='word_1_160' title='bbox 1340 1819 1803 1894; x_wconf 83' lang='lat' dir='ltr'><strong>inconstantiae,</strong></span> <span class='ocrx_word' id='word_1_161' title='bbox 1839 1835 1978 1880; x_wconf 92' lang='lat' dir='ltr'><strong>cum</strong></span> <span class='ocrx_word' id='word_1_162' title='bbox 2005 1834 2124 1881; x_wconf 87' lang='lat' dir='ltr'><strong>vos</strong></span> <span class='ocrx_word' id='word_1_163' title='bbox 2153 1835 2284 1880; x_wconf 88' lang='lat' dir='ltr'><strong>mu·</strong></span> 
     </span>
     <span class='ocr_line' id='line_1_20' title="bbox 313 1901 2280 1979; baseline 0.001 -15"><span class='ocrx_word' id='word_1_164' title='bbox 313 1903 458 1964; x_wconf 83' lang='lat' dir='ltr'><strong>tetis</strong></span> <span class='ocrx_word' id='word_1_165' title='bbox 476 1950 493 1978; x_wconf 94' lang='lat'><strong>,</strong></span> <span class='ocrx_word' id='word_1_166' title='bbox 521 1901 702 1964; x_wconf 85' lang='lat' dir='ltr'><strong>vobis</strong></span> <span class='ocrx_word' id='word_1_167' title='bbox 731 1911 978 1964; x_wconf 88' lang='lat' dir='ltr'><strong>vestrae</strong></span> <span class='ocrx_word' id='word_1_168' title='bbox 1003 1904 1324 1964; x_wconf 88' lang='lat' dir='ltr'><strong>reddenda</strong></span> <span class='ocrx_word' id='word_1_169' title='bbox 1349 1904 1505 1964; x_wconf 89' lang='lat' dir='ltr'><strong>ratio</strong></span> <span class='ocrx_word' id='word_1_170' title='bbox 1536 1909 1650 1964; x_wconf 88' lang='lat' dir='ltr'><strong>est.</strong></span> <span class='ocrx_word' id='word_1_171' title='bbox 1715 1902 1882 1979; x_wconf 90' lang='lat' dir='ltr'><strong>quod</strong></span> <span class='ocrx_word' id='word_1_172' title='bbox 1911 1902 1993 1963; x_wconf 89' lang='lat' dir='ltr'><strong>ad</strong></span> <span class='ocrx_word' id='word_1_173' title='bbox 2019 1903 2280 1966; x_wconf 85' lang='lat' dir='ltr'><strong>multitu-</strong></span> 
     </span>
     <span class='ocr_line' id='line_1_21' title="bbox 312 1985 2284 2064; baseline -0.001 -16"><span class='ocrx_word' id='word_1_174' title='bbox 312 1988 527 2048; x_wconf 86' lang='lat' dir='ltr'><strong>dinem</strong></span> <span class='ocrx_word' id='word_1_175' title='bbox 584 1988 783 2048; x_wconf 87' lang='lat' dir='ltr'><strong>servis</strong></span> <span class='ocrx_word' id='word_1_176' title='bbox 838 1985 1172 2047; x_wconf 84' lang='lat' dir='ltr'><strong>liberandis</strong></span> <span class='ocrx_word' id='word_1_177' title='bbox 1236 1994 1475 2050; x_wconf 82' lang='lat' dir='ltr'><strong>auctam</strong></span> <span class='ocrx_word' id='word_1_178' title='bbox 1529 1995 1588 2048; x_wconf 91' lang='lat' dir='ltr'><strong>et</strong></span> <span class='ocrx_word' id='word_1_179' title='bbox 1643 1988 1964 2064; x_wconf 85' lang='lat' dir='ltr'><strong>egentibus</strong></span> <span class='ocrx_word' id='word_1_180' title='bbox 2019 1988 2284 2049; x_wconf 83' lang='lat' dir='ltr'><strong>divisum</strong></span> 
     </span>
     <span class='ocr_line' id='line_1_22' title="bbox 315 2069 2282 2148; baseline 0.001 -18"><span class='ocrx_word' id='word_1_181' title='bbox 315 2086 537 2146; x_wconf 83' lang='lat' dir='ltr'><strong>agrum</strong></span> <span class='ocrx_word' id='word_1_182' title='bbox 566 2072 793 2143; x_wconf 86' lang='lat' dir='ltr'><strong>attinet,</strong></span> <span class='ocrx_word' id='word_1_183' title='bbox 823 2086 1085 2147; x_wconf 87' lang='lat' dir='ltr'><strong>possum</strong></span> <span class='ocrx_word' id='word_1_184' title='bbox 1115 2069 1362 2145; x_wconf 88' lang='lat' dir='ltr'><strong>quidem</strong></span> <span class='ocrx_word' id='word_1_185' title='bbox 1391 2072 1539 2131; x_wconf 88' lang='lat' dir='ltr'><strong>etin</strong></span> <span class='ocrx_word' id='word_1_186' title='bbox 1569 2070 1690 2133; x_wconf 89' lang='lat' dir='ltr'><strong>hoc</strong></span> <span class='ocrx_word' id='word_1_187' title='bbox 1716 2087 1816 2133; x_wconf 87' lang='lat' dir='ltr'><strong>me</strong></span> <span class='ocrx_word' id='word_1_188' title='bbox 1834 2072 1966 2133; x_wconf 87' lang='lat' dir='ltr'><strong>iure</strong></span> <span class='ocrx_word' id='word_1_189' title='bbox 1983 2072 2282 2148; x_wconf 89' lang='lat' dir='ltr'><strong>temporis</strong></span> 
     </span>
     <span class='ocr_line' id='line_1_23' title="bbox 314 2154 2285 2231; baseline 0 -16"><span class='ocrx_word' id='word_1_190' title='bbox 314 2154 520 2215; x_wconf 87' lang='lat' dir='ltr'><strong>tutari.</strong></span> <span class='ocrx_word' id='word_1_191' title='bbox 572 2155 692 2214; x_wconf 88' lang='lat' dir='ltr'><strong>iam</strong></span> <span class='ocrx_word' id='word_1_192' title='bbox 720 2154 985 2216; x_wconf 86' lang='lat' dir='ltr'><strong>feceram</strong></span> <span class='ocrx_word' id='word_1_193' title='bbox 1012 2154 1197 2229; x_wconf 89' lang='lat' dir='ltr'><strong>haec,</strong></span> <span class='ocrx_word' id='word_1_194' title='bbox 1228 2155 1697 2231; x_wconf 84' lang='lat' dir='ltr'><strong>qualiacumque</strong></span> <span class='ocrx_word' id='word_1_195' title='bbox 1727 2163 1887 2231; x_wconf 89' lang='lat' dir='ltr'><strong>sunt,</strong></span> <span class='ocrx_word' id='word_1_196' title='bbox 1918 2170 2057 2216; x_wconf 89' lang='lat' dir='ltr'><strong>cum</strong></span> <span class='ocrx_word' id='word_1_197' title='bbox 2082 2156 2285 2216; x_wconf 89' lang='lat' dir='ltr'><strong>socie-</strong></span> 
     </span>
     <span class='ocr_line' id='line_1_24' title="bbox 316 2238 2282 2315; baseline -0.002 -15"><span class='ocrx_word' id='word_1_198' title='bbox 316 2245 505 2300; x_wconf 83' lang='lat' dir='ltr'><strong>tatem</strong></span> <span class='ocrx_word' id='word_1_199' title='bbox 548 2249 786 2299; x_wconf 88' lang='lat' dir='ltr'><strong>mecum</strong></span> <span class='ocrx_word' id='word_1_200' title='bbox 826 2238 1151 2315; x_wconf 84' lang='lat' dir='ltr'><strong>pepigistis</strong></span> <span class='ocrx_word' id='word_1_201' title='bbox 1182 2244 1245 2297; x_wconf 88' lang='lat' dir='ltr'><strong>et</strong></span> <span class='ocrx_word' id='word_1_202' title='bbox 1270 2238 1498 2301; x_wconf 86' lang='lat' dir='ltr'><strong>auxilia</strong></span> <span class='ocrx_word' id='word_1_203' title='bbox 1524 2240 1588 2298; x_wconf 86' lang='lat' dir='ltr'><strong>in</strong></span> <span class='ocrx_word' id='word_1_204' title='bbox 1619 2240 1782 2299; x_wconf 88' lang='lat' dir='ltr'><strong>bello</strong></span> <span class='ocrx_word' id='word_1_205' title='bbox 1814 2239 2118 2299; x_wconf 87' lang='lat' dir='ltr'><strong>adversus</strong></span> <span class='ocrx_word' id='word_1_206' title='bbox 2145 2238 2282 2299; x_wconf 80' lang='lat' dir='ltr'><strong>Phi-</strong></span> 
     </span>
     <span class='ocr_line' id='line_1_25' title="bbox 314 2320 2284 2398; baseline 0.001 -17"><span class='ocrx_word' id='word_1_207' title='bbox 314 2320 553 2398; x_wconf 77' lang='lat' dir='ltr'><strong>lippum</strong></span> <span class='ocrx_word' id='word_1_208' title='bbox 576 2322 921 2397; x_wconf 87' lang='lat' dir='ltr'><strong>accepistis.</strong></span> <span class='ocrx_word' id='word_1_209' title='bbox 967 2321 1082 2383; x_wconf 89' lang='lat' dir='ltr'><strong>sed</strong></span> <span class='ocrx_word' id='word_1_210' title='bbox 1103 2322 1157 2383; x_wconf 91' lang='lat' dir='ltr'><strong>si</strong></span> <span class='ocrx_word' id='word_1_211' title='bbox 1178 2336 1344 2381; x_wconf 90' lang='lat' dir='ltr'><strong>nunc</strong></span> <span class='ocrx_word' id='word_1_212' title='bbox 1367 2336 1442 2381; x_wconf 89' lang='lat' dir='ltr'><strong>ea</strong></span> <span class='ocrx_word' id='word_1_213' title='bbox 1464 2322 1766 2397; x_wconf 78' lang='lat' dir='ltr'><strong>fecissem,</strong></span> <span class='ocrx_word' id='word_1_214' title='bbox 1797 2336 1922 2384; x_wconf 89' lang='lat' dir='ltr'><strong>non</strong></span> <span class='ocrx_word' id='word_1_215' title='bbox 1945 2321 2102 2395; x_wconf 83' lang='lat' dir='ltr'><strong>dioc,</strong></span> <span class='ocrx_word' id='word_1_216' title='bbox 2132 2322 2284 2397; x_wconf 90' lang='lat' dir='ltr'><strong>quid</strong></span> 
     </span>
     <span class='ocr_line' id='line_1_26' title="bbox 314 2405 2287 2483; baseline 0.001 -17"><span class='ocrx_word' id='word_1_217' title='bbox 314 2406 379 2466; x_wconf 91' lang='lat' dir='ltr'><strong>in</strong></span> <span class='ocrx_word' id='word_1_218' title='bbox 410 2420 488 2467; x_wconf 89' lang='lat' dir='ltr'><strong>eo</strong></span> <span class='ocrx_word' id='word_1_219' title='bbox 515 2422 631 2466; x_wconf 90' lang='lat' dir='ltr'><strong>vos</strong></span> <span class='ocrx_word' id='word_1_220' title='bbox 663 2406 981 2467; x_wconf 84' lang='lat' dir='ltr'><strong>laesissem</strong></span> <span class='ocrx_word' id='word_1_221' title='bbox 1011 2411 1117 2466; x_wconf 90' lang='lat' dir='ltr'><strong>aut</strong></span> <span class='ocrx_word' id='word_1_222' title='bbox 1136 2411 1407 2483; x_wconf 21' lang='lat' dir='ltr'><strong>vestram·</strong></span> <span class='ocrx_word' id='word_1_223' title='bbox 1426 2406 1746 2467; x_wconf 88' lang='lat' dir='ltr'><strong>amicitiam</strong></span> <span class='ocrx_word' id='word_1_224' title='bbox 1766 2405 2142 2467; x_wconf 65' lang='lat' dir='ltr'><strong>violassent?</strong></span> <span class='ocrx_word' id='word_1_225' title='bbox 2170 2406 2287 2467; x_wconf 90' lang='lat' dir='ltr'><strong>sed</strong></span> 
     </span>
     <span class='ocr_line' id='line_1_27' title="bbox 314 2484 2286 2565; baseline -0.001 -15"><span class='ocrx_word' id='word_1_226' title='bbox 314 2489 488 2564; x_wconf 88' lang='lat' dir='ltr'><strong>illud,</strong></span> <span class='ocrx_word' id='word_1_227' title='bbox 519 2504 616 2550; x_wconf 90' lang='lat' dir='ltr'><strong>me</strong></span> <span class='ocrx_word' id='word_1_228' title='bbox 644 2504 815 2551; x_wconf 90' lang='lat' dir='ltr'><strong>more</strong></span> <span class='ocrx_word' id='word_1_229' title='bbox 844 2496 1029 2565; x_wconf 88' lang='lat' dir='ltr'><strong>atque</strong></span> <span class='ocrx_word' id='word_1_230' title='bbox 1057 2489 1331 2551; x_wconf 87' lang='lat' dir='ltr'><strong>instituto</strong></span> <span class='ocrx_word' id='word_1_231' title='bbox 1363 2490 1658 2551; x_wconf 89' lang='lat' dir='ltr'><strong>maiorum</strong></span> <span class='ocrx_word' id='word_1_232' title='bbox 1685 2484 1930 2550; x_wconf 84' lang='lat' dir='ltr'><strong>fecisse.</strong></span> <span class='ocrx_word' id='word_1_233' title='bbox 1987 2488 2174 2550; x_wconf 86' lang='lat' dir='ltr'><strong>nolite</strong></span> <span class='ocrx_word' id='word_1_234' title='bbox 2204 2490 2286 2549; x_wconf 89' lang='lat' dir='ltr'><strong>ad</strong></span> 
     </span>
     <span class='ocr_line' id='line_1_28' title="bbox 316 2572 2284 2651; baseline -0.001 -17"><span class='ocrx_word' id='word_1_235' title='bbox 316 2581 563 2634; x_wconf 86' lang='lat' dir='ltr'><strong>vestras</strong></span> <span class='ocrx_word' id='word_1_236' title='bbox 612 2576 785 2649; x_wconf 88' lang='lat' dir='ltr'><strong>leges</strong></span> <span class='ocrx_word' id='word_1_237' title='bbox 826 2580 1013 2651; x_wconf 84' lang='lat' dir='ltr'><strong>atque</strong></span> <span class='ocrx_word' id='word_1_238' title='bbox 1053 2573 1329 2635; x_wconf 88' lang='lat' dir='ltr'><strong>instituta</strong></span> <span class='ocrx_word' id='word_1_239' title='bbox 1369 2574 1619 2650; x_wconf 83' lang='lat' dir='ltr'><strong>exigere</strong></span> <span class='ocrx_word' id='word_1_240' title='bbox 1659 2590 1735 2635; x_wconf 88' lang='lat' dir='ltr'><strong>ea</strong></span> <span class='ocrx_word' id='word_1_241' title='bbox 1776 2590 1936 2650; x_wconf 89' lang='lat' dir='ltr'><strong>quae</strong></span> <span class='ocrx_word' id='word_1_242' title='bbox 1973 2572 2284 2635; x_wconf 89' lang='lat' dir='ltr'><strong>Lacedae-</strong></span> 
     </span>
     <span class='ocr_line' id='line_1_29' title="bbox 314 2656 2287 2733; baseline 0 -16"><span class='ocrx_word' id='word_1_243' title='bbox 314 2666 502 2718; x_wconf 85' lang='lat' dir='ltr'><strong>mone</strong></span> <span class='ocrx_word' id='word_1_244' title='bbox 538 2657 710 2719; x_wconf 84' lang='lat' dir='ltr'><strong>fiunt.</strong></span> <span class='ocrx_word' id='word_1_245' title='bbox 762 2656 912 2717; x_wconf 84' lang='lat' dir='ltr'><strong>nihil</strong></span> <span class='ocrx_word' id='word_1_246' title='bbox 955 2668 1317 2733; x_wconf 86' lang='lat' dir='ltr'><strong>comparare</strong></span> <span class='ocrx_word' id='word_1_247' title='bbox 1357 2658 1602 2733; x_wconf 87' lang='lat' dir='ltr'><strong>singula</strong></span> <span class='ocrx_word' id='word_1_248' title='bbox 1629 2670 1893 2719; x_wconf 89' lang='lat' dir='ltr'><strong>necesse</strong></span> <span class='ocrx_word' id='word_1_249' title='bbox 1923 2664 2036 2718; x_wconf 91' lang='lat' dir='ltr'><strong>est.</strong></span> <span class='ocrx_word' id='word_1_250' title='bbox 2099 2672 2218 2718; x_wconf 89' lang='lat' dir='ltr'><strong>vos</strong></span> <span class='ocrx_word' id='word_1_251' title='bbox 2247 2672 2287 2717; x_wconf 90' lang='lat' dir='ltr'><strong>a</strong></span> 
     </span>
     <span class='ocr_line' id='line_1_30' title="bbox 310 2740 2283 2819; baseline -0.001 -18"><span class='ocrx_word' id='word_1_252' title='bbox 310 2756 513 2803; x_wconf 86' lang='lat' dir='ltr'><strong>censu</strong></span> <span class='ocrx_word' id='word_1_253' title='bbox 552 2740 819 2817; x_wconf 86' lang='lat' dir='ltr'><strong>equitem</strong></span> <span class='ocrx_word' id='word_1_254' title='bbox 833 2786 859 2816; x_wconf 89' lang='lat'><strong>,.</strong></span> <span class='ocrx_word' id='word_1_255' title='bbox 896 2758 935 2802; x_wconf 89' lang='lat' dir='ltr'><strong>a</strong></span> <span class='ocrx_word' id='word_1_256' title='bbox 975 2756 1168 2803; x_wconf 88' lang='lat' dir='ltr'><strong>censu</strong></span> <span class='ocrx_word' id='word_1_257' title='bbox 1206 2741 1473 2817; x_wconf 87' lang='lat' dir='ltr'><strong>peditem</strong></span> <span class='ocrx_word' id='word_1_258' title='bbox 1517 2742 1747 2817; x_wconf 87' lang='lat' dir='ltr'><strong>legitis;</strong></span> <span class='ocrx_word' id='word_1_259' title='bbox 1807 2749 1869 2802; x_wconf 86' lang='lat' dir='ltr'><strong>et</strong></span> <span class='ocrx_word' id='word_1_260' title='bbox 1909 2754 2146 2819; x_wconf 86' lang='lat' dir='ltr'><strong>paucos</strong></span> <span class='ocrx_word' id='word_1_261' title='bbox 2177 2754 2283 2801; x_wconf 86' lang='lat' dir='ltr'><strong>ex·</strong></span> 
     </span>
     <span class='ocr_line' id='line_1_31' title="bbox 314 2824 2286 2902; baseline -0.001 -17"><span class='ocrx_word' id='word_1_262' title='bbox 314 2826 545 2886; x_wconf 86' lang='lat' dir='ltr'><strong>cellere</strong></span> <span class='ocrx_word' id='word_1_263' title='bbox 577 2825 819 2902; x_wconf 84' lang='lat' dir='ltr'><strong>opibus,</strong></span> <span class='ocrx_word' id='word_1_264' title='bbox 847 2824 1093 2902; x_wconf 87' lang='lat' dir='ltr'><strong>plebem</strong></span> <span class='ocrx_word' id='word_1_265' title='bbox 1118 2825 1462 2887; x_wconf 85' lang='lat' dir='ltr'><strong>subiectam</strong></span> <span class='ocrx_word' id='word_1_266' title='bbox 1491 2840 1635 2886; x_wconf 88' lang='lat' dir='ltr'><strong>esse</strong></span> <span class='ocrx_word' id='word_1_267' title='bbox 1656 2827 1782 2887; x_wconf 70' lang='lat' dir='ltr'><strong>illis</strong></span> <span class='ocrx_word' id='word_1_268' title='bbox 1807 2827 2014 2887; x_wconf 89' lang='lat' dir='ltr'><strong>vultis.</strong></span> <span class='ocrx_word' id='word_1_269' title='bbox 2072 2832 2286 2887; x_wconf 89' lang='lat' dir='ltr'><strong>noster</strong></span> 
     </span>
     <span class='ocr_line' id='line_1_32' title="bbox 314 2908 2286 2987; baseline 0 -20"><span class='ocrx_word' id='word_1_270' title='bbox 314 2910 522 2984; x_wconf 86' lang='lat' dir='ltr'><strong>legum</strong></span> <span class='ocrx_word' id='word_1_271' title='bbox 563 2910 721 2971; x_wconf 85' lang='lat' dir='ltr'><strong>lator</strong></span> <span class='ocrx_word' id='word_1_272' title='bbox 758 2918 884 2971; x_wconf 87' lang='lat' dir='ltr'><strong>non</strong></span> <span class='ocrx_word' id='word_1_273' title='bbox 922 2908 986 2969; x_wconf 88' lang='lat' dir='ltr'><strong>in</strong></span> <span class='ocrx_word' id='word_1_274' title='bbox 1012 2921 1355 2987; x_wconf 84' lang='lat' dir='ltr'><strong>paucorum</strong></span> <span class='ocrx_word' id='word_1_275' title='bbox 1393 2924 1580 2971; x_wconf 85' lang='lat' dir='ltr'><strong>manu</strong></span> <span class='ocrx_word' id='word_1_276' title='bbox 1620 2925 1751 2971; x_wconf 88' lang='lat' dir='ltr'><strong>rem</strong></span> <span class='ocrx_word' id='word_1_277' title='bbox 1792 2909 2099 2987; x_wconf 86' lang='lat' dir='ltr'><strong>publicam</strong></span> <span class='ocrx_word' id='word_1_278' title='bbox 2140 2924 2286 2969; x_wconf 88' lang='lat' dir='ltr'><strong>esse</strong></span> 
     </span>
     <span class='ocr_line' id='line_1_33' title="bbox 312 2992 2284 3070; baseline 0.001 -19"><span class='ocrx_word' id='word_1_279' title='bbox 312 2992 527 3070; x_wconf 82' lang='lat' dir='ltr'><strong>voluit,</strong></span> <span class='ocrx_word' id='word_1_280' title='bbox 558 3003 743 3069; x_wconf 87' lang='lat' dir='ltr'><strong>quem</strong></span> <span class='ocrx_word' id='word_1_281' title='bbox 768 3008 886 3055; x_wconf 86' lang='lat' dir='ltr'><strong>vos</strong></span> <span class='ocrx_word' id='word_1_282' title='bbox 916 3001 1193 3055; x_wconf 87' lang='lat' dir='ltr'><strong>senatum</strong></span> <span class='ocrx_word' id='word_1_283' title='bbox 1223 2994 1578 3069; x_wconf 88' lang='lat' dir='ltr'><strong>appellatis,</strong></span> <span class='ocrx_word' id='word_1_284' title='bbox 1619 3010 1734 3055; x_wconf 89' lang='lat' dir='ltr'><strong>nec</strong></span> <span class='ocrx_word' id='word_1_285' title='bbox 1765 2995 2068 3053; x_wconf 86' lang='lat' dir='ltr'><strong>excellere</strong></span> <span class='ocrx_word' id='word_1_286' title='bbox 2097 3008 2284 3052; x_wconf 89' lang='lat' dir='ltr'><strong>unum</strong></span> 
     </span>
     <span class='ocr_line' id='line_1_34' title="bbox 310 3076 2283 3152; baseline -0.001 -16"><span class='ocrx_word' id='word_1_287' title='bbox 310 3081 423 3136; x_wconf 90' lang='lat' dir='ltr'><strong>aut</strong></span> <span class='ocrx_word' id='word_1_288' title='bbox 454 3078 706 3138; x_wconf 75' lang='lat' dir='ltr'><strong>alterurn</strong></span> <span class='ocrx_word' id='word_1_289' title='bbox 739 3077 1016 3137; x_wconf 78' lang='lat' dir='ltr'><strong>ordinem</strong></span> <span class='ocrx_word' id='word_1_290' title='bbox 1044 3078 1105 3137; x_wconf 89' lang='lat' dir='ltr'><strong>in</strong></span> <span class='ocrx_word' id='word_1_291' title='bbox 1138 3078 1413 3147; x_wconf 77' lang='lat' dir='ltr'><strong>civitate3</strong></span> <span class='ocrx_word' id='word_1_292' title='bbox 1443 3078 1558 3139; x_wconf 86' lang='lat' dir='ltr'><strong>sed</strong></span> <span class='ocrx_word' id='word_1_293' title='bbox 1575 3089 1691 3152; x_wconf 82' lang='lat' dir='ltr'><strong>per</strong></span> <span class='ocrx_word' id='word_1_294' title='bbox 1713 3078 2140 3152; x_wconf 86' lang='lat' dir='ltr'><strong>aequationem</strong></span> <span class='ocrx_word' id='word_1_295' title='bbox 2163 3076 2283 3136; x_wconf 83' lang='lat' dir='ltr'><strong>for-</strong></span> 
     </span>
     <span class='ocr_line' id='line_1_35' title="bbox 312 3158 2288 3237; baseline 0 -18"><span class='ocrx_word' id='word_1_296' title='bbox 312 3166 506 3220; x_wconf 80' lang='lat' dir='ltr'><strong>tunae</strong></span> <span class='ocrx_word' id='word_1_297' title='bbox 536 3174 611 3222; x_wconf 85' lang='lat' dir='ltr'><strong>ac</strong></span> <span class='ocrx_word' id='word_1_298' title='bbox 642 3160 949 3237; x_wconf 82' lang='lat' dir='ltr'><strong>dignitatis</strong></span> <span class='ocrx_word' id='word_1_299' title='bbox 980 3162 1116 3221; x_wconf 77' lang='lat' dir='ltr'><strong>fore</strong></span> <span class='ocrx_word' id='word_1_300' title='bbox 1144 3158 1404 3221; x_wconf 88' lang='lat' dir='ltr'><strong>credidit</strong></span> <span class='ocrx_word' id='word_1_301' title='bbox 1428 3166 1498 3221; x_wconf 93' lang='lat' dir='ltr'><strong>ut</strong></span> <span class='ocrx_word' id='word_1_302' title='bbox 1521 3160 1694 3220; x_wconf 86' lang='lat' dir='ltr'><strong>multi</strong></span> <span class='ocrx_word' id='word_1_303' title='bbox 1724 3166 1950 3232; x_wconf 88' lang='lat' dir='ltr'><strong>essent,</strong></span> <span class='ocrx_word' id='word_1_304' title='bbox 1983 3159 2089 3234; x_wconf 89' lang='lat' dir='ltr'><strong>qui</strong></span> <span class='ocrx_word' id='word_1_305' title='bbox 2117 3172 2288 3219; x_wconf 89' lang='lat' dir='ltr'><strong>arma</strong></span> 
     </span>
     <span class='ocr_line' id='line_1_36' title="bbox 310 3242 2284 3328; baseline -0.001 -24"><span class='ocrx_word' id='word_1_306' title='bbox 310 3259 434 3319; x_wconf 86' lang='lat' dir='ltr'><strong>pro</strong></span> <span class='ocrx_word' id='word_1_307' title='bbox 472 3244 673 3319; x_wconf 85' lang='lat' dir='ltr'><strong>patria</strong></span> <span class='ocrx_word' id='word_1_308' title='bbox 718 3245 965 3309; x_wconf 85' lang='lat' dir='ltr'><strong>ferrent.</strong></span> <span class='ocrx_word' id='word_1_309' title='bbox 1028 3244 1310 3319; x_wconf 79' lang='lat' dir='ltr'><strong>pluribus</strong></span> <span class='ocrx_word' id='word_1_310' title='bbox 1337 3258 1437 3328; x_wconf 80' lang='lat' dir='ltr'><strong>me</strong></span> <span class='ocrx_word' id='word_1_311' title='bbox 1466 3250 1527 3303; x_wconf 91' lang='lat' dir='ltr'><strong>et</strong></span> <span class='ocrx_word' id='word_1_312' title='bbox 1553 3244 1690 3318; x_wconf 88' lang='lat' dir='ltr'><strong>ipse</strong></span> <span class='ocrx_word' id='word_1_313' title='bbox 1720 3242 1926 3318; x_wconf 86' lang='lat' dir='ltr'><strong>egisse</strong></span> <span class='ocrx_word' id='word_1_314' title='bbox 1957 3254 2141 3317; x_wconf 86' lang='lat' dir='ltr'><strong>quam</strong></span> <span class='ocrx_word' id='word_1_315' title='bbox 2169 3258 2284 3319; x_wconf 90' lang='lat' dir='ltr'><strong>pro</strong></span> 
     </span>
     <span class='ocr_line' id='line_1_37' title="bbox 311 3325 2286 3403; baseline 0.001 -17"><span class='ocrx_word' id='word_1_316' title='bbox 311 3326 521 3403; x_wconf 85' lang='lat' dir='ltr'><strong>patrio</strong></span> <span class='ocrx_word' id='word_1_317' title='bbox 566 3342 853 3391; x_wconf 87' lang='lat' dir='ltr'><strong>sermone</strong></span> <span class='ocrx_word' id='word_1_318' title='bbox 883 3328 1246 3403; x_wconf 86' lang='lat' dir='ltr'><strong>[brevitatis]</strong></span> <span class='ocrx_word' id='word_1_319' title='bbox 1271 3325 1490 3390; x_wconf 69' lang='lat' dir='ltr'><strong>&#39;fateon</strong></span> <span class='ocrx_word' id='word_1_320' title='bbox 1558 3333 1618 3386; x_wconf 90' lang='lat' dir='ltr'><strong>et</strong></span> <span class='ocrx_word' id='word_1_321' title='bbox 1641 3326 1909 3388; x_wconf 86' lang='lat' dir='ltr'><strong>breviter</strong></span> <span class='ocrx_word' id='word_1_322' title='bbox 1936 3333 2286 3402; x_wconf 87' lang='lat' dir='ltr'><strong>peroratum</strong></span> 
     </span>
     <span class='ocr_line' id='line_1_38' title="bbox 308 3410 2285 3489; baseline 0.001 -19"><span class='ocrx_word' id='word_1_323' title='bbox 308 3424 458 3471; x_wconf 88' lang='lat' dir='ltr'><strong>esse</strong></span> <span class='ocrx_word' id='word_1_324' title='bbox 488 3412 685 3489; x_wconf 89' lang='lat' dir='ltr'><strong>potuit</strong></span> <span class='ocrx_word' id='word_1_325' title='bbox 704 3410 849 3471; x_wconf 89' lang='lat' dir='ltr'><strong>nihil</strong></span> <span class='ocrx_word' id='word_1_326' title='bbox 875 3427 989 3485; x_wconf 91' lang='lat' dir='ltr'><strong>me,</strong></span> <span class='ocrx_word' id='word_1_327' title='bbox 1006 3418 1335 3488; x_wconf 88' lang='lat' dir='ltr'><strong>postquam</strong></span> <span class='ocrx_word' id='word_1_328' title='bbox 1355 3411 1680 3474; x_wconf 84' lang='lat' dir='ltr'><strong>vobiscum</strong></span> <span class='ocrx_word' id='word_1_329' title='bbox 1702 3410 1929 3473; x_wconf 87' lang='lat' dir='ltr'><strong>institui</strong></span> <span class='ocrx_word' id='word_1_330' title='bbox 1945 3410 2285 3486; x_wconf 85' lang='lat' dir='ltr'><strong>amicitiam,</strong></span> 
     </span>
     <span class='ocr_line' id='line_1_39' title="bbox 308 3494 1580 3571; baseline -0.001 -16"><span class='ocrx_word' id='word_1_331' title='bbox 308 3511 431 3556; x_wconf 89' lang='lat' dir='ltr'><strong>cur</strong></span> <span class='ocrx_word' id='word_1_332' title='bbox 462 3494 593 3555; x_wconf 91' lang='lat' dir='ltr'><strong>cius</strong></span> <span class='ocrx_word' id='word_1_333' title='bbox 621 3510 737 3556; x_wconf 88' lang='lat' dir='ltr'><strong>vos</strong></span> <span class='ocrx_word' id='word_1_334' title='bbox 767 3496 1106 3571; x_wconf 88' lang='lat' dir='ltr'><strong>paeniteret</strong></span> <span class='ocrx_word' id='word_1_335' title='bbox 1134 3495 1580 3556; x_wconf 87' lang='lat' dir='ltr'><strong>commisisse.“</strong></span> 
     </span>
    </p>
   </div>
   <div class='ocr_carea' id='block_1_3' title="bbox 2452 2966 2497 3645">
    <p class='ocr_par' dir='ltr' id='par_1_3' title="bbox 2452 2966 2497 3645">
     <span class='ocr_line' id='line_1_40' title="bbox 2452 2966 2497 3645; baseline 0 305"><span class='ocrx_word' id='word_1_336' title='bbox 2452 2966 2497 3645; x_wconf 95' lang='lat' dir='ltr'><strong> </strong></span> 
     </span>
    </p>
   </div>
  </div>
 </body>
</html>
