2548 3950
361 277 446 342 54
517 287 520 292 '
673 275 905 337 LIBER
931 275 1176 336 XXXII.
1215 275 1380 336 CAP.
1410 281 1463 336 9.
1486 284 1571 337 lo.
1616 281 1687 348 [a.
1708 281 1782 335 U.
1812 297 1857 334 c.
1892 279 2017 348 554]

366 445 488 507 que
533 445 622 490 ea:
653 429 983 503 sententia,
1029 427 1091 488 ni
1136 427 1468 502 timuisset,
1512 443 1617 501 ne,
1668 443 1805 488 cum
1834 443 1871 486 a
1898 427 2051 487 mari
2077 429 2325 504 longius

360 513 745 575 recessisset:
759 513 986 574 emisso
1018 527 1052 572 e
1080 510 1361 572 manibus
1391 510 1601 586 hoste,
1644 511 1716 586 si,
1748 511 1919 586 quod
1950 517 2131 572 antea
2158 514 2323 574 sece-

359 605 486 672 rat,
529 595 960 662 solitudinibus
1002 595 1311 672 silvisque
1326 595 1643 655 -se-tutari·
1662 609 1788 654 rex·
1814 595 2141 670 voluisset,
2186 597 2325 658 sine

359 681 488 744 ullo
529 681 770 742 effeetm
797 687 1018 741 aestas.
1045 679 1483 740 extraheretur.
1508 713 1514 718 -
1555 685 1905 754 utcumque-
1926 680 2324 756 esset-Igitur,

364 765 469 827 illo
515 765 681 842 ipso=
708 770 834 830 tam
881 764 1094 838 iniquo
1133 763 1272 823 loco
1324 762 1578 837 adgredi
1619 761 2149 838 hostemzplacuit.
2207 765 2325 826 sed

363 849 562 924 magis
603 847 735 908 fieri
751 847 843 909 id·
857 847 1156 922 placebat,
1191 863 1375 920 quam
1404 847 1715 922 quomodo
1746 846 2115 908 fieretzsatis·
2134 863 2323 924 expe·

361 932 638 994 diebant=
689 931 766 991 X.
805 930 1066 1006 diesque
1098 929 1512 1006 quadraginta·
1527 930 1663 991 sine
1688 931 1815 992 ullo
1848 938 2073 992 conatu
2102 931 2325 993 aeden·-

322 1078 326 1083 .
359 1018 548 1078 tasin
590 1021 926 1091 conspeetu
963 1013 1232 1076 hostium
1273 1013 1762 1090 absumpserant.
1826 1015 1975 1078 inde
1990 1016 2327 1091 spes-data

360 1099 645 1174 Philippo
687 1105 804 1160 est·
823 1115 949 1174 perz
971 1097 1359 1172 Epirotarum
1398 1105 1643 1172 gentem
1666 1099 2074 1173 temptandae
2113 1100 2323 1175 pacis;

361 1183 711 1258 habitoque·
741 1181 999 1244 concilio
1043 1181 1263 1241 delecti
1306 1182 1386 1242 ad
1420 1198 1560 1242 eam
1592 1197 1743 1242 rem·
1762 1183 2067 1257 agendam
2092 1183 2324 1245 Pausa·

361 1268 498 1327 nias
531 1274 781 1343 praetor
819 1271 882 1328 et
904 1265 1273 1328 Alexander·
1290 1267 1583 1341 magister
1612 1267 1883 1342 equitum
1914 1269 2233 1328 consulem
2262 1276 2327 1330 et

358 1367 585 1426 regem,
612 1349 716 1412 ubi
747 1349 1176 1410 inzartissimas
1205 1350 1378 1426 ripas
1404 1350 1580 1416 Aous
1603 1349 2081 1426 cogitur-amniS,
2116 1349 2179 1410 in
2196 1354 2322 1412 col-

358 1435 631 1510 loquium
655 1435 1068 1495 adduxerunt.
1113 1449 1355 1496 summa
1380 1435 1829 1509 postulatorum
1856 1436 2130 1498 consulis
2157 1443 2322 1497 verat=

361 1518 674 1594 praesidia
703 1533 782 1577 ex
812 1518 1156 1583 civitatibus
1183 1533 1299 1578 rex
1326 1517 1694 1589 deduceret;
1736 1519 1813 1579 iis
1848 1537 2109 1595 quorum
2137 1535 2323 1596 agros

358 1601 674 1677 urbesque
693 1603 1023 1678 populatus
1047 1609 1232 1677 esset,
1246 1602 1534 1664 redderet
1550 1619 1654 1664 res
1667 1619 1841 1681 -quae
1862 1610 2319 1680 comparerent3

363 1693 706 1746 ceterorum
721 1701 927 1760 aequo
951 1685 1198 1748 arbitrio
1220 1685 1557 1748 aestimatio
1580 1687 1773 1749 fleret.
1803 1687 2118 1764 Philippus
2142 1689 2323 1748 aliam

359 1770 618 1830 aliarum
674 1769 1002 1830 civitatium
1059 1769 1487 1832 condicionem
1541 1787 1685 1832 esse
1739 1770 2079 1846 respondit.
2164 1789 2322 1848 quas

358 1855 496 1929 ipse
526 1854 814 1928 cepisset,
846 1868 952 1914 eas
982 1853 1401 1914 liberaturumz
1448 1871 1606 1930 quae
1634 1855 1753 1916 sibi
1781 1855 2039 1917 traditae
2066 1871 2105 1916 a
2129 1857 2321 1918 maio-

355 1937 528 1999 ribus
559 1943 798 2013 essent,
835 1952 1045 1999 earum
1073 1935 1443 1999 hereditaria
1473 1953 1545 1999 ac
1572 1939 1733 2001 iusta
1763 1940 2169 2017 possessione
2196 1957 2323 2003 non

359 2038 782 2083 excessurum.
845 2022 898 2081 si
925 2038 1100 2097 quas.
1119 2030 1521 2097 quererentur
1552 2024 1697 2083 belli
1727 2025 1937 2085 clades
1966 2040 2081 2087 eae
2114 2024 2322 2088 civita-

357 2112 470 2182 tes,
503 2122 640 2167 cum
672 2105 894 2181 quibus
914 2106 1200 2167 bellatum
1221 2106 1395 2183 foret,
1420 2106 1667 2169 arbitrio
1691 2124 1816 2184 quo
1840 2109 2085 2183 vellent,
2120 2125 2321 2185 popu·

355 2190 551 2252 lorum
576 2206 718 2253 cum
730 2189 962 2266 quibus
985 2206 1109 2266 pax
1129 2190 1409 2265 utrisque
1432 2190 1666 2267 fuisset,
1698 2208 1769 2253 se
1790 2208 2062 2255 usurum.
2100 2195 2319 2255 consul

356 2272 503 2335 nihil
552 2274 632 2335 ad
673 2275 756 2336 id·
780 2274 1027 2350 quidem
1071 2274 1297 2336 arbitro
1338 2282 1445 2335 aut
1480 2276 1683 2336 iudice
1724 2292 1885 2353 opus
1920 2292 2065 2337 esse
2094 2276 2319 2337 dicere.

357 2359 454 2420 cui
485 2360 644 2419 enim
671 2374 795 2418 non
823 2374 1130 2435 apparere
1157 2359 1236 2419 ab
1265 2374 1348 2420 eo·
1374 2360 1479 2435 qui
1506 2360 1675 2436 prior
1702 2377 1872 2422 arma
1896 2360 2203 2423 intulisset
2228 2362 2318 2421 iu·

354 2442 568 2503 iuriam
619 2448 854 2503 ortam?
917 2460 1034 2503 nec
1070 2442 1418 2519 Philippum
1456 2444 1533 2503 ab
1576 2444 1719 2505 ullis
1763 2445 1925 2506 bello
1967 2444 2320 2507 lacessitum

353 2526 622 2601 priorem
661 2525 784 2585 vim
827 2526 1109 2587 omnibus
1149 2525 1394 2587 secisse.
1463 2526 1609 2587 inde
1636 2544 1775 2591 cum
1804 2536 2113 2605 ageretur,
2160 2545 2319 2605 quae

355 2608 630 2670 civitates
659 2608 1012 2671 liberandae
1041 2618 1267 2686 essent,
1298 2611 1631 2673 Thessalos
1660 2612 1894 2689 primos
1918 2612 2182 2675 omnium
2206 2630 2318 2675 no-

352 2692 602 2754 minavit
643 2693 882 2753 consul.
942 2695 1024 2754 ad
1062 2694 1124 2753 id
1162 2709 1311 2755 vero
1352 2696 1856 2759 adeo=accensus
1900 2696 2321 2773 indignatione

355 2783 452 2837 est
476 2792 620 2851 rex,
664 2784 732 2838 ut
759 2778 1128 2839 exclamaret
1164 2778 1357 2854 „quid
1382 2779 1545 2841 victo
1575 2781 1823 2855 gravius
1852 2782 2187 2857 imperares
2203 2826 2217 2855 ,
2248 2782 2315 2841 T.

355 2860 672 2935 Quinctii&
729 2867 916 2937 atque
958 2861 1138 2923 itase
1169 2864 1589 2940 ex÷colloquio
1616 2864 1934 2940 proripuit.
1996 2871 2057 2925 et
2083 2871 2315 2941 tempe-

350 2950 548 3005 ratum
597 2960 783 3020 aegre
822 2953 944 3020 est,
999 2946 1142 3022 quin
1185 2947 1551 3022 missilibuS,
1600 2949 1745 3023 quia
1785 2950 2067 3025 dirempti
2106 2948 2315 3009 medio

351 3028 516 3091 amni
559 3030 827 3104 fuerant,
913 3045 1138 3106 agnam
1163 3032 1321 3093 inter
1349 3048 1419 3093 se
1452 3039 1863 3095 consererent.
1929 3040 2182 3110 postero
2214 3032 2317 3096 die

349 3129 466 3189 per
491 3112 900 3175 excursiones-
918 3114 1014 3175 ab
1042 3116 1411 3177 stationibus
1454 3117 1651 3192 primo
1672 3116 1741 3177 ein
1770 3116 2023 3193 planitie
2050 3117 2199 3177 satis
2230 3116 2315 3177 ad

348 3196 413 3258 id
443 3198 670 3272 patenti
697 3198 889 3261 multa
915 3198 1077 3259 levia
1094 3201 1427 3263 commissa
1448 3200 1685 3276 proelia
1704 3208 1877 3272 sunt3
1910 3200 2137 3263 deinde
2156 3198 2313 3261 reci·

348 3281 659 3355 pientibus
705 3298 776 3343 se
813 3282 1000 3357 regiis
1040 3283 1104 3343 in
1141 3290 1274 3345 arta
1296 3291 1375 3345 et
1404 3286 1775 3360 confragosa
1810 3286 1978 3358 loca,
2024 3284 2315 3347 aviditate

347 3364 596 3425 accensi
637 3366 979 3427 certaminis
1023 3382 1110 3428 eo.
1143 3384 1397 3445 quoque
1420 3369 1678 3431 Romani
1716 3376 2135 3445 penetravere.
2192 3384 2311 3445 pro

346 3444 447 3506 his
495 3447 648 3507 ordo
687 3455 752 3508 et
777 3448 1046 3511 militaris
1098 3451 1424 3527 disciplina
1456 3459 1518 3514 et
1562 3468 1760 3527 genus
1809 3468 2115 3515 armorum
2158 3458 2308 3528 erat,

347 3534 554 3604 aptum
592 3532 874 3607 tegendis
917 3534 1313 3609 corporibus3
1358 3552 1470 3610 pro
1501 3536 1683 3599 hoste
1708 3538 1847 3597 loca
1874 3542 1935 3597 et
1962 3537 2313 3613 catapultae
