2548 3950
382 195 461 256 68
701 193 932 252 LIBER
960 191 1194 252 XXXH.
1243 191 1409 250 CAP.
1440 199 1638 252 2223.
1686 198 1758 264 [a.
1786 197 1854 250 U.
1882 197 2083 264 c.554]

376 351 680 424 politanos
721 359 974 406 avorum
1017 344 1313 404 memoria
1350 345 1564 419 pulsos
1596 344 1673 403 ab
1701 343 2205 406 Lacedaemoniis
2233 363 2327 406 re·
2393 412 2395 414 ,

373 435 650 494 stituerat
675 431 738 489 in
785 429 1041 504 patriam
1068 427 1447 501 AntigonuS,
1494 434 1554 487 et
1581 427 1871 504 Dymaeis
1906 430 2101 503 captis
2130 446 2328 506 nuper

373 517 752 592 direptisque
776 513 853 572 ab
877 512 1148 571 exercitu
1168 511 1465 584 Romano,
1496 527 1634 569 cum
1656 511 1868 570 redimi
1900 527 2029 586 eoS,
2053 514 2327 573 ubIcum·

373 615 494 675 que
532 596 858 669 servirent,
898 595 1216 670 Philippus
1257 595 1574 670 iussisset,
1618 611 1737 653 non
1777 593 2113 656 libertatem
2142 599 2325 657 modo

371 685 484 744 sed
527 682 704 740 etiam
742 679 1000 754 patriam
1027 676 1409 737 reddiderat:
1466 679 1584 736 iam
1612 677 1853 751 Argivi,
1898 687 2326 755 praeterquam

374 765 542 842 quod
569 765 977 824 Macedonum
1004 777 1185 835 reges
1215 761 1293 820 ab
1324 777 1393 820 se
1424 762 1717 820 oriundos
1749 761 2033 832 credunt,
2076 765 2328 837 privatis

372 851 552 910 etiam
594 847 876 921 hospitiis
918 845 1321 918 familiarique
1362 844 1625 904 amicitia
1652 845 1931 918 plerique
1961 847 2169 920 illigati
2192 847 2323 906 Phi-

373 935 542 1008 lippo
588 937 778 990 erant.
847 931 925 990 ob
956 927 1110 988 haec
1141 929 1432 1001 concilio,
1474 927 1641 1002 quod
1670 927 2068 989 inclinaverat
2096 931 2177 990 ad
2204 931 2327 992 Ro-

373 1033 613 1076 manam
656 1015 1010 1074 societatem
1041 1012 1397 1085 iubendam,
1442 1018 1873 1080 excesserunt3
1918 1011 2224 1088 veniaque
2253 1013 2329 1074 iis

371 1101 552 1160 huius
601 1096 976 1158 secessionis
1030 1094 1140 1154 suit
1181 1103 1241 1154 et
1280 1094 1517 1168 magnis
1559 1101 1619 1154 et
1660 1095 2009 1156 recentibus
2050 1096 2331 1170 obligatis

375 1182 712 1242 beneficiis.
779 1179 990 1238 XXIII.
1043 1179 1227 1236 ceteri
1261 1179 1471 1252 populi
1500 1178 1887 1238 Achaeorum
1920 1194 2057 1239 cum
2089 1188 2329 1240 senten-

374 1269 489 1326 tias
533 1269 1036 1339 perrogarentur,
1097 1261 1451 1322 societatem
1503 1278 1639 1321 cum
1688 1263 1892 1322 Attalo
1949 1278 2023 1321 ac
2072 1262 2331 1336 Rhodiis

374 1349 683 1425 praesenti
725 1349 972 1407 decreto
1018 1344 1481 1404 confirmarunt=
1540 1361 1679 1404 cum
1718 1346 2009 1405 Romanis
2056 1347 2199 1422 quia
2242 1346 2323 1404 in·

373 1435 545 1493 iussu
575 1430 787 1506 populi
816 1447 936 1490 non
967 1434 1210 1504 poterat
1229 1436 1361 1488 rata
1392 1444 1551 1500 esse,
1581 1429 1641 1487 in
1676 1429 1738 1486 id
1762 1435 2023 1503 tempus,
2059 1446 2182 1504 quo
2206 1431 2302 1490 Ro

374 1534 532 1576 mam
575 1515 725 1575 mitti
768 1515 949 1588 legati
995 1519 1283 1587 possent,
1328 1513 1509 1572 dilata
1553 1518 1679 1580 est;
1737 1512 1797 1570 in
1838 1515 2189 1587 praesentia
2220 1514 2331 1573 tris

372 1603 608 1674 legatos
642 1599 722 1656 ad
741 1597 808 1656 L.
837 1597 1177 1670 Quinctium
1200 1596 1348 1655 mitti
1372 1597 1616 1670 placuit,
1648 1601 1709 1653 et
1730 1595 2063 1656 exercitum
2088 1612 2329 1658 omnem

371 1683 759 1742 Achaeorum
792 1681 872 1739 ad
906 1679 1254 1739 Corinthum
1286 1679 1597 1738 admoveri
1628 1679 1823 1754 captis
1854 1679 2181 1740 Cenchreis
2213 1681 2330 1740 iam

371 1766 584 1825 urbem
613 1766 812 1839 ipsam
845 1763 1123 1836 Quinctio
1154 1769 1569 1837 oppugnante.

538 1849 612 1908 Et
641 1848 680 1907 ii
725 1847 970 1922 quidem
1002 1861 1036 1904 e
1067 1846 1316 1919 regione
1358 1853 1598 1920 portae,
1647 1865 1805 1922 quae
1836 1849 1951 1909 l'ert
1978 1846 2332 1926 Sicyonem,

377 1939 715 2009 posuerunt
742 1938 961 1992 castra.
1033 1930 1291 1991 Romani
1324 1929 1665 1992 Cenchreas
1696 1947 1937 1993 versam
1966 1939 2199 2009 partem
2232 1949 2335 1993 ur-

377 2019 499 2089 bis,
543 2018 783 2076 Attalus
826 2016 1105 2074 traducto
1149 2030 1262 2089 per
1292 2014 1583 2075 Isthmum
1622 2018 1891 2077 exercitu
1922 2018 1999 2075 ab
2027 2015 2334 2092 Lechaeo,

375 2102 621 2159 alterius
651 2098 834 2159 maris
866 2106 1078 2173 portu,
1126 2100 1595 2174 oppugnabant,
1644 2101 1838 2175 primo
1871 2100 2150 2175 segniuS,
2186 2115 2333 2173 spe-

372 2192 578 2245 rantes
623 2183 984 2243 seditionem
1028 2182 1190 2242 intus
1233 2184 1367 2242 sore
1406 2182 1563 2243 inter
1606 2184 1953 2258 oppidanos
1996 2200 2067 2243 ac
2093 2183 2333 2259 regium

374 2268 768 2343 praesidium.
829 2275 1161 2341 postquam
1187 2282 1314 2327 uno
1348 2266 1549 2325 animo
1582 2283 1825 2341 omneS,
1870 2276 1930 2327 et
1955 2267 2333 2327 Macedones

373 2361 679 2427 tamquam
711 2366 1092 2411 communem
1122 2350 1379 2423 patriam
1410 2351 1759 2424 tuebantur,
1805 2358 1864 2411 et
1902 2348 2192 2411 Corinthii
2222 2350 2333 2410 du-

373 2452 506 2494 cem
547 2434 836 2510 praesidii
868 2433 1362 2494 Androsthenem
1404 2433 1568 2493 haud
1610 2450 1791 2494 secus
1836 2450 2019 2509 quam
2048 2433 2244 2493 civem
2276 2443 2335 2494 et

373 2518 666 2591 suffragio
699 2524 967 2576 creatum
994 2532 1109 2576 suo
1134 2517 1390 2590 imperio
1416 2518 1475 2575 in
1502 2533 1573 2576 se
1593 2518 1679 2578 uti
1703 2518 2101 2593 patiebantur,
2134 2519 2335 2577 omnis

371 2601 514 2660 inde
562 2615 710 2675 spes
763 2599 1174 2674 pugnantibus
1217 2601 1278 2659 in
1320 2601 1380 2659 vi
1422 2608 1481 2661 et
1521 2602 1705 2661 armis
1749 2608 1808 2661 et
1847 2600 2138 2676 operibus
2182 2610 2335 2661 erat.

371 2684 645 2758 undique
698 2698 956 2757 aggeres
1005 2684 1170 2743 haud
1221 2682 1384 2743 sacili
1427 2685 1592 2744 aditu
1636 2686 1711 2744 ad
1754 2685 1998 2746 moenia
2041 2685 2335 2745 admove-

372 2769 608 2825 bantur.
675 2767 834 2826 aries
885 2783 962 2825 ex
1001 2782 1076 2826 ea
1117 2777 1290 2842 parte
1342 2784 1523 2842 quam
1562 2768 1819 2829 Romani
1872 2767 2335 2843 oppugnabant,

373 2850 746 2924 aliquantum
774 2853 930 2911 muri
963 2851 1260 2921 diruerat;
1302 2853 1364 2911 in
1400 2868 1577 2927 quem
1607 2854 1842 2925 locum,
1890 2853 2033 2927 quia
2061 2851 2335 2912 nudatus

371 2935 742 2994 munimento
769 2942 913 3008 erat,
946 2938 1391 3010 protegendum
1416 2936 1597 2996 armis
1624 2953 1761 2996 cum
1783 2936 2158 2995 Macedones
2185 2951 2337 2995 con·

374 3025 718 3093 currerent,
763 3026 938 3080 atrox
981 3021 1281 3093 proelium
1326 3020 1481 3080 inter
1520 3035 1631 3080 eos
1674 3036 1748 3079 ac
1786 3022 2101 3081 Romanos
2134 3026 2333 3079 ortum

370 3110 484 3163 est.
551 3120 624 3163 ac
665 3104 862 3179 primo
903 3102 1285 3163 multitudine
1329 3103 1507 3163 facile
1548 3103 2011 3178 expellebantur
2036 3104 2336 3172 Romani;

371 3188 712 3263 adsumptis
765 3187 988 3248 deinde
1029 3186 1416 3247 Achaeorum
1458 3188 1767 3263 Attalique
1817 3186 2060 3247 auxiliis
2102 3202 2330 3261 aequa-

371 3270 516 3330 bant
558 3278 894 3343 certamen‚
937 3287 1052 3330 nec
1094 3271 1345 3332 dubium
1386 3278 1529 3345 erat,
1564 3273 1708 3347 quin
1736 3271 2113 3333 Macedonas
2144 3271 2333 3331 Grae-

373 3368 608 3428 cosque
650 3356 826 3413 sacile
867 3358 1004 3414 loco
1036 3354 1274 3430 pulsuri
1306 3356 1544 3417 fuerint.
1612 3356 2063 3429 transfugarum
2090 3354 2337 3413 Italico-

373 3452 502 3493 rum
545 3452 766 3511 magna
808 3438 1122 3498 multitudo
1167 3446 1325 3510 erat,
1372 3455 1514 3513 pars
1556 3455 1633 3497 ex
1662 3439 2019 3498 Hannibalis
2056 3438 2333 3501 exercitu
