2548 3950
366 231 498 297 352
649 233 877 293 LIBER
903 234 1225 294 XXXVIII.
1272 233 1437 294 CAP-
1465 240 1555 297 3⁷.
1577 240 1666 295 38.
1711 239 1786 307 [a.
1809 237 1878 294 U.
1901 255 1952 290 et
1969 237 2098 304 564]

370 386 592 449 cuniae
634 402 712 445 ex
754 401 829 447 eo
873 386 1043 462 quod
1086 386 1447 462 pepigerant
1493 386 1862 460 exigendum
1911 384 2135 459 misso,
2183 386 2339 462 ipse,

378 472 519 547 quia
546 470 877 531 Eumenem
918 482 1125 545 regem
1167 478 1230 530 et
1260 470 1486 530 decem
1519 470 1763 545 legatos
1807 470 1884 529 ab
1910 470 2112 529 Roma
2138 468 2339 543 Ephe·

374 570 513 615 sum
552 553 802 614 venisse
825 553 1134 625 audierat,
1190 554 1377 613 iussis
1405 552 1589 627 sequi
1614 551 1902 613 Alnfioehi
1929 553 2145 627 legatis
2173 554 2338 627 Apa-

375 654 573 698 meam
602 637 935 699 exercitum
956 636 1221 697 reduxit.
1274 636 1599 697 xxxviii.
1645 636 1834 697 ibi-ex
1867 636 2084 696 decem
2112 637 2338 711 legato·

374 737 509 783 rum
551 720 852 782 sententia
886 720 1114 781 ¹foedus
1140 718 1216 779 in
1252 720 1414 780 haec
1455 720 1644 780 veoba
1679 722 1820 780 uae
1849 735 2000 781 ceum
2034 718 2336 780 Antiocho

378 805 795 879 conscriptum
819 812 937 865 est.
978 804 1284 878 „amicitia
1311 804 1442 878 regi
1467 803 1937 865 Antiochwcum
1959 804 2198 879 populo
2218 803 2337 863 Ro·

376 904 559 951 mano
588 888 686 949 his
715 887 955 963 legibus
985 896 1047 948 et
1070 886 1542 948 condicionibus
1573 895 1728 949 esto.
1784 902 1864 947 ue
1887 902 2076 963 quein
2106 888 2337 947 enerci-

378 982 533 1047 tum,
576 970 683 1048 qui
725 982 864 1032 eum
898 974 1135 1047 populo
1172 972 1452 1031 Romano
1495 969 1765 1032 sociisve
1805 970 2030 1031 bellum
2049 976 2338 1045 gesturus

379 1057 509 1129 erit,
540 1070 653 1123 rex
680 1070 793 1131 per
820 1054 979 1115 fines
1004 1055 1175 1131 regni
1202 1055 1318 1129 sui,
1341 1054 1766 1132 eorumvezqui
1791 1054 1914 1115 sub
1934 1054 2185 1114 dieioue
2208 1051 2338 1113 eius

378 1147 585 1213 erunt,
622 1137 887 1199 *ti-ausina
927 1138 1139 1211 sinito,
1180 1154 1304 1199 neu
1346 1144 1688 1199 commeatu
1727 1152 1850 1199 neu
1891 1153 2014 1213 qua
2045 1135 2175 1199 alia
2209 1152 2340 1211 -ope

378 1224 605 1285 iuvate.
671 1224 832 1283 idem
869 1222 1131 1283 Romani
1180 1220 1461 1299 soeiique
1502 1221 1808 1284 ¹Antiocho
1853 1228 1914 1281 et
1954 1221 2032 1281 iis
2069 1219 2179 1295 qui
2223 1220 2337 1280 sub

378 1306 637 1382 imper-io
680 1306 812 1367 elus
856 1313 1033 1367 eruut
1054 1312 1390 1382 praestent.
1457 1304 1598 1365 beiti
1629 1304 1884 1381 gemendi
1913 1304 2008 1366 ius
2036 1302 2339 1363 Antiocho

380 1405 461 1455 ne
500 1396 637 1451 esto
682 1406 819 1451 cum
858 1390 979 1451 illis
1022 1391 1127 1465 qui
1170 1390 1406 1451 insulas
1447 1390 1686 1462 colent,
1723 1403 1888 1449 meve
1930 1388 1991 1447 in
2029 1386 2340 1461 Europam

378 1474 755 1535 transeundi.
802 1474 1083 1534 excedito
1113 1472 1368 1535 urbibus
1389 1472 1564 1547 smis
1593 1473 1747 1533 vicis
1775 1471 2044 1532 castellis
2073 1467 2167 1529 cis
2189 1470 2340 1530 Tau·

378 1574 515 1617 rum
542 1564 810 1619 montem
838 1558 1148 1633 usque-ad
1172 1558 1377 1636 Halyn
1407 1570 1663 1630 amnem,
1683 1562 1756 1616 ‘et
1782 1571 1820 1615 a
1843 1555 2006 1614 valle
2027 1553 2214 1613 Tainri
2239 1570 2341 1613 us·

383 1657 504 1715 que
528 1642 609 1701 ad
632 1641 791 1715 iuga,
818 1657 942 1716 qua
960 1642 1021 1702 in
1038 1640 1423 1721 Lycaoniam
1449 1640 1658 1715 vergit.
1689 1655 1914 1714 nequa
1931 1652 2104 1697 arma
2126 1635 2341 1697 efferto

380 1724 565 1783 exiis
608 1724 853 1799 oppidis
882 1726 1051 1799 agnis
1082 1725 1504 1800 castellisque,
1547 1722 1773 1799 quibus
1807 1721 2096 1782 excedatz
2137 1720 2196 1780 si
2226 1736 2346 1796 qua

382 1805 623 1882 extulit,
658 1821 817 1881 quae
846 1823 1099 1883 quoque
1128 1807 1463 1883 oportebit,
1500 1813 1667 1867 recte
1693 1803 2015 1867 restituito.
2086 1818 2166 1863 ue
2193 1804 2344 1863 mili-

382 1897 505 1949 tem
544 1894 667 1951 neu
708 1906 889 1965 quem
933 1891 1114 1966 alium
1156 1906 1236 1952 ex
1276 1906 1469 1965 regno
1497 1889 1787 1951 Eumenis
1799 1886 2090 1963 recipito.
2159 1888 2217 1947 si
2241 1887 2346 1963 qui

384 1989 591 2036 earum
620 1973 862 2036 urbium
886 1977 1074 2050 cives,
1102 1991 1263 2051 quae
1289 1989 1482 2050 reg-ne
1503 1972 1864 2047 abscedunt,
1897 1985 2033 2034 eum
2049 1972 2345 2048 regenm-

384 2058 591 2118 tiocho
633 2059 912 2134 intraque
952 2059 1111 2120 fines
1151 2060 1326 2134 regni
1365 2057 1500 2120 eius
1543 2065 1713 2132 sunt,
1757 2059 2096 2132 Apameam
2131 2071 2346 2117 omnes

384 2147 526 2200 ante
568 2141 728 2202 diem
772 2150 998 2203 certam
1024 2145 1343 2204 redeunte.
1401 2141 1506 2217 qui
1535 2157 1612 2201 ex
1641 2155 1834 2216 regno
1861 2139 2150 2200 Antiochi
2181 2141 2348 2215 apud

384 2225 699 2284 Romanos
744 2225 1086 2300 sociosque
1125 2233 1304 2300 sun-t,
1363 2225 1437 2285 iis
1482 2224 1579 2286 ius
1631 2223 1895 2285 abeundi
1928 2224 2350 2298 manendique

386 2315 541 2368 esto.
584 2323 806 2369 servos
836 2324 951 2369 seu
981 2309 1268 2384 fugitivos
1298 2324 1413 2370 seu
1440 2309 1602 2369 bello
1633 2313 1868 2383 captos,
1897 2322 2008 2367 seu
2030 2307 2175 2380 quis
2199 2306 2350 2366 liber

387 2399 603 2466 captus
632 2398 740 2452 aut
760 2394 1085 2467 transfuga
1112 2391 1241 2464 erit,
1272 2391 1515 2453 reddito
1537 2390 1829 2452 Romanis
1857 2391 2196 2466 sociisque.
2227 2391 2350 2448 ele-

386 2474 651 2548 phantos
684 2475 904 2538 tradito
934 2476 1153 2550 omnis,
1184 2489 1387 2551 neque
1413 2476 1570 2536 alios
1602 2481 1836 2550 parato.
1901 2473 2122 2534 tradito
2153 2480 2218 2534 et
2241 2486 2350 2531 na·

384 2572 499 2618 ves
544 2559 761 2634 longas
798 2565 1300 2634 armamentaque
1340 2574 1582 2626 earum;
1638 2573 1760 2620 neu
1786 2559 1996 2633 plures
2026 2571 2217 2632 quarn
2243 2556 2348 2615 de-

389 2653 520 2700 cem
572 2656 761 2702 naves
804 2642 1107 2704 actuarias
1120 2689 1137 2718 ,
1190 2643 1358 2704 nulla
1405 2653 1662 2718 quarum
1701 2642 1841 2716 plus
1877 2655 2068 2717 quam
2107 2638 2352 2716 triginta

386 2723 572 2782 remis
602 2732 833 2798 agatur,
864 2726 1107 2801 habeto,
1140 2743 1299 2787 neve
1325 2741 1636 2786 monerem
1666 2741 1746 2785 ex
1777 2724 1918 2786 belli
1941 2739 2150 2799 causa,
2183 2722 2348 2800 quod

388 2805 527 2881 ipse
550 2806 827 2870 illaturus
857 2808 986 2869 erit.
1028 2825 1108 2869 ne
1136 2811 1423 2883 navigato
1451 2810 1599 2870 citra
1625 2809 2040 2888 Calycadnum
2061 2823 2186 2868 neu
2209 2805 2347 2867 Sar-

388 2889 724 2963 pedonium
748 2893 1186 2966 promunturia,
1204 2900 1380 2953 extra
1397 2909 1578 2968 quam
1599 2891 1656 2953 si
1681 2909 1805 2969 qua
1821 2891 2000 2954 navis
2023 2891 2348 2966 pecuniam

390 2973 759 3048 stipendium
791 2981 897 3035 aut
932 2975 1171 3052 legatos
1202 2982 1310 3036 aut
1336 2976 1587 3038 obsides
1617 2977 1900 3053 portabit.
1941 2975 2166 3037 milites
2195 2989 2350 3036 mer-

391 3057 543 3117 cede
574 3058 960 3119 couducendi
991 3074 1071 3119 ex
1092 3059 1191 3120 his
1210 3059 1518 3134 gentibus,
1549 3075 1708 3136 quae
1729 3059 1848 3121 sub
1869 3058 2116 3120 dicione
2137 3056 2352 3133 populi

386 3140 646 3200 Romani
687 3149 859 3216 sunt,
900 3143 1207 3204 Antiocho
1247 3141 1380 3218 regi
1415 3144 1512 3204 ius
1541 3159 1620 3204 ne
1648 3150 1819 3213 θεῖος
1864 3157 1943 3202 ne
1973 3142 2351 3202 voluntarios

392 3222 641 3297 quidem
688 3226 1045 3301 recipiendi.
1107 3227 1487 3288 Rhodiorum
1527 3228 1916 3290 sociorumve
1957 3241 2122 3301 quae
2161 3225 2352 3286 aedes

390 3304 797 3383 aedificiaque
826 3309 981 3369 intra
1010 3309 1167 3370 fines
1193 3311 1366 3385 regni
1386 3309 1675 3370 Antiochi
1705 3317 1865 3386 sunt,
1895 3327 2020 3386 quo
2050 3309 2187 3369 iure
2215 3316 2354 3368 ante

390 3387 616 3449 beilum
642 3389 903 3462 fuerunt,
936 3407 1011 3452 eo
1035 3392 1414 3454 Rhodiorum
1444 3394 1831 3454 sociorumve
1865 3401 2066 3454 sunto.
2113 3392 2168 3452 si
2195 3405 2354 3466 quae

393 3472 691 3542 pecuniae
722 3473 1048 3550 debentur,
1090 3493 1299 3550 earum
1327 3478 1567 3538 exactio
1597 3485 1752 3536 esto.
1821 3478 1873 3536 si
1903 3476 2050 3551 quid
2086 3475 2356 3536 ablatum
