2548 3950
298 236 424 300 192
471 236 700 295 LIBER
730 236 967 297 XXXV.
1003 236 1168 296 ΟἈΡ.
1199 242 1285 297 19.
1311 244 1395 297 20.
1428 242 1499 309 [a.
1517 240 1586 293 U.
1604 241 1793 297 0.559.
1818 240 2088 308 a.c.193]

298 391 522 461 sciam,
565 387 686 447 huc
717 386 986 459 veniam,
1016 394 1143 448 toto
1176 386 1325 447 orbe
1352 393 1649 446 terrarum
1680 400 1983 459 quaerens
2015 385 2261 459 aliquos

297 471 593 533 Romanis
619 470 836 532 hostiS.
882 472 1088 545 itaque
1118 470 1172 531 si
1203 470 1427 545 quibus
1456 475 1698 530 tuorum
1726 468 1878 527 meis
1897 468 2260 529 criminibus

300 557 465 631 apud
511 565 569 615 te
603 570 879 615 erescere
920 555 1094 629 libet,
1137 554 1316 614 aliam
1358 553 1668 613 materiam
1704 551 2023 612 crescendi
2052 568 2127 611 ex
2159 568 2263 611 me

302 649 613 715 quaerant.
663 638 762 699 odi
793 638 1064 712 odioque
1092 653 1228 697 sum
1249 636 1563 698 Romanis.
1608 636 1793 696 idme
1816 650 2028 695 verum
2052 636 2263 696 dicere

300 733 473 799 pater
495 723 796 781 Hamilcar
818 727 881 781 et
898 721 980 780 dii
1002 727 1192 781 testes
1223 728 1383 781 sunt.
1415 719 1677 796 proinde
1695 733 1833 778 cum
1860 720 1937 778 de
1960 718 2120 781 bello
2133 719 2261 780 Ro·

300 825 479 867 mano
515 806 838 879 cogitabis,
868 805 1024 865 inter
1052 805 1285 879 primos
1318 804 1549 865 amicos
1572 802 1974 864 Hannibalem
2002 802 2244 863 habeto:

302 895 353 951 si
389 909 509 965 qua
549 905 649 949 res
681 896 739 948 te
769 888 849 948 ad
879 904 1096 963 pacem
1127 888 1479 963 compellet,
1522 888 1583 947 in
1614 887 1677 947 id
1706 886 2026 947 consilium
2056 887 2263 960 alium,

302 993 439 1035 eum
467 993 585 1049 quo
615 973 935 1047 delibereS,
962 972 1303 1047 quaerito.“
1332 988 1457 1033 non
1479 970 1670 1031 movit
1688 971 1873 1031 modo
1899 970 2036 1031 talis
2062 972 2263 1032 oratio

298 1075 539 1131 regem,
587 1059 697 1115 sed
725 1057 906 1116 etiam
933 1054 1351 1116 reconciliavit
1376 1054 1718 1115 Hannibali.
1782 1070 1861 1113 ex
1892 1054 2147 1115 consilio
2180 1055 2263 1117 ita

302 1145 647 1201 discessum
677 1146 784 1213 est,
816 1146 884 1200 ut
910 1138 1132 1199 bellum
1162 1145 1495 1214 gereretur.
2220 1214 2224 1219 ι

469 1227 595 1283 ΧΧ.
639 1225 871 1283 Romae
909 1223 1298 1284 destinabant
1327 1222 1573 1297 quidem
1603 1220 1991 1283 sermonibus
2018 1222 2266 1285 hostem

308 1309 685 1381 Antiochum,
717 1307 831 1367 sed
859 1306 1153 1366 nihildum
1181 1307 1262 1367 ad
1290 1306 1351 1367 id
1374 1305 1599 1367 bellum
1621 1313 1866 1381 praeter
1888 1306 2124 1367 animos
2148 1313 2265 1381 pa-

300 1395 535 1451 rabant.
601 1392 956 1451 consulibus
987 1390 1288 1451 ambobus
1317 1390 1488 1450 Italia
1518 1390 1840 1465 provincia
1869 1391 2115 1451 decreta
2144 1395 2262 1465 est,

300 1481 383 1535 ita
427 1485 491 1535 ut
533 1479 687 1535 iuter
726 1490 796 1533 se
840 1480 1268 1549 compararent
1309 1474 1777 1544 sortirenturve,
1822 1482 1965 1534 uter.
1999 1473 2262 1534 comitiis

302 1561 435 1619 eius
467 1561 605 1617 anni
635 1565 971 1633 praeesset.
1029 1560 1110 1618 ad
1137 1564 1339 1619 utrum
1368 1574 1443 1619 ea
1472 1574 1595 1617 non
1626 1558 1958 1632 pertineret
1986 1572 2162 1631 cura,
2192 1564 2267 1618 ut

302 1651 551 1717 paratus
587 1650 766 1715 esset,
799 1642 852 1701 si
883 1658 1006 1717 quo
1037 1658 1176 1702 eum
1205 1649 1381 1703 extra
1400 1641 1633 1703 ltaliam
1659 1658 1818 1716 opus
1842 1647 2011 1701 esset
2033 1642 2268 1701 ducere

300 1727 597 1799 legiones.
655 1725 796 1784 huic
831 1727 1067 1786 consuli
1098 1726 1486 1801 permissum,
1523 1732 1592 1786 ut
1619 1726 1773 1786 duas
1802 1726 2077 1800 legiones
2108 1724 2265 1784 seri-

302 1813 473 1869 beret
503 1825 693 1869 novas
725 1814 785 1867 et
813 1808 1049 1869 socium
1077 1809 1341 1869 nominis
1359 1808 1556 1869 Latini
1583 1809 1793 1883 viginti
1821 1809 1985 1869 milia
2009 1814 2068 1868 et
2089 1808 2267 1882 equi-

304 1903 395 1953 tes
443 1895 841 1965 octingentos.
909 1893 1081 1953 alteri
1133 1889 1374 1954 consuli
1416 1893 1575 1953 duae
1627 1894 1902 1968 legiones
1955 1893 2263 1967 decretae,

306 1995 459 2051 quas
485 1979 547 2033 L.
579 1977 891 2038 Cornelius
923 1979 1140 2038 consul
1170 1975 1513 2053 superioris
1543 1978 1685 2037 anni
1709 1977 2042 2050 habuisset,
2076 1983 2135 2036 et
2155 1993 2264 2037 so-

306 2063 461 2119 cium
487 2077 557 2117 ae
573 2061 764 2119 Latini
789 2061 1059 2120 nominis
1073 2077 1150 2121 ex
1174 2062 1395 2122 eodem
1416 2061 1687 2122 exercitu
1706 2061 2052 2136 quindecim
2072 2061 2261 2136 milia,

304 2155 363 2203 et
405 2145 639 2218 equites
685 2145 1012 2220 quingenti.
1080 2144 1146 2218 Q.
1176 2145 1442 2206 Minucio
1486 2160 1623 2204 cum
1670 2145 1943 2207 exercitu
1986 2159 2166 2218 quem
2195 2145 2265 2204 in

302 2230 627 2304 Liguribus
679 2228 968 2303 habebat,
1025 2235 1419 2305 prorogatum
1468 2228 1805 2304 imperium.
1876 2228 2150 2288 additum
2194 2227 2267 2288 in

304 2316 796 2388 supplementum
852 2319 918 2374 ut
967 2319 1252 2389 quattuor
1307 2313 1471 2372 milia
1525 2313 1797 2386 peditum
1844 2313 2265 2373 Romanorum

304 2400 714 2458 scriberentur
741 2404 800 2456 et
829 2403 1070 2457 centum
1103 2395 1545 2472 quinquaginta
1572 2397 1829 2470 equiteS,
1860 2404 1921 2457 et
1943 2395 2129 2457 sociis
2152 2409 2265 2458 eo-

306 2482 441 2538 dem
489 2484 758 2554 quinque
797 2479 962 2539 milia
991 2480 1260 2555 peditum
1287 2481 1764 2555 imperarentur,
1811 2480 2055 2540 ducenti
2086 2479 2265 2554 quin-

258 2610 260 2612 .
306 2566 593 2638 quaginta
625 2563 879 2638 equites.
945 2563 1050 2623 Cn.
1081 2563 1341 2624 Domitio
1373 2571 1547 2624 extra
1573 2564 1821 2639 ltaliam,
1854 2581 1976 2639 quo
2008 2570 2267 2625 senatus

306 2650 667 2720 censuisset,
701 2647 1018 2720 provincia
1047 2647 1265 2720 evenit,
1296 2647 1363 2706 L.
1397 2646 1674 2721 Quinctio
1708 2648 1901 2708 Gallia
1928 2653 1990 2707 et
2018 2647 2270 2708 comitia

304 2732 605 2788 habenda.
671 2738 984 2804 praetores
1012 2731 1236 2790 deinde
1267 2731 1619 2806 provincias
1649 2730 1863 2805 sortiti,
1899 2730 1981 2790 M.
2010 2729 2266 2792 Fulvius

306 2816 691 2872 Centumalus
718 2813 1044 2889 urbanam,
1086 2814 1153 2874 L.
1187 2813 1546 2876 Scribonius
1574 2815 1727 2876 Libo
1760 2816 2159 2890 peregrinam,
2188 2814 2265 2874 L.

302 2898 585 2954 Valerius
627 2898 837 2972 Tappo
882 2896 1176 2971 Siciliam,
1232 2898 1299 2971 Q.
1346 2898 1633 2960 Salonius
1676 2898 1859 2960 Sarra
1899 2898 2265 2973 Sardiniam,

302 2982 381 3040 M.
415 2982 679 3040 Baebius
719 2981 1071 3057 Tamphilus
1110 2982 1473 3056 Hispaniam
1516 2983 1890 3058 citeriorem,
1930 2985 2006 3043 A.
2037 2982 2266 3043 Atilius

250 3104 252 3106 -
306 3066 603 3124 Serranus
653 3065 1017 3126 ulteriorem.
1095 3066 1208 3126 sed
1260 3065 1354 3144 his
1402 3067 1644 3129 duobus
1695 3067 1957 3142 primum
2006 3072 2265 3127 senatus

306 3152 603 3222 consulto,
637 3150 856 3210 deinde
883 3150 1087 3225 plebei
1118 3151 1299 3209 etiam
1324 3149 1477 3212 scito
1504 3157 1880 3225 permutatae
1905 3149 2267 3225 provinciae

306 3242 471 3290 suut:
521 3234 701 3292 Atilio
734 3235 952 3294 classis
983 3240 1044 3294 et
1070 3233 1463 3310 Macedonia,
1504 3234 1734 3296 Baebio
1762 3234 1977 3295 Bruttii
2011 3233 2266 3294 decreti.

304 3316 593 3376 Flaminio
637 3316 976 3391 Fulvioque
1019 3317 1079 3376 in
1120 3317 1435 3392 Hispaniis
1479 3326 1875 3394 prorogatum
1918 3317 2266 3392 imperium.

304 3398 531 3458 Baebio
557 3399 866 3474 Tamphilo
896 3401 956 3459 in
977 3401 1249 3462 Bruttios
1279 3402 1440 3462 duae
1461 3401 1738 3475 legiones
1766 3402 2067 3475 decretae,
2100 3415 2269 3474 quae

307 3482 507 3552 priore
553 3498 710 3542 anno
751 3483 1020 3543 urbanae
1059 3485 1347 3559 fuissent,
1402 3493 1461 3546 et
1498 3491 1566 3545 ut
1606 3485 1794 3547 sociis
1836 3484 2055 3546 eodem
2096 3482 2273 3545 milia
