2548 3950
2064 100 2090 132 Q

485 241 710 301 LIBER
731 241 940 302 XXXI.
973 242 1139 302 CAP.
1166 252 1250 306 19.
1278 253 1365 306 20.
1390 253 1478 307 21.
1526 253 1599 321 [a.
1625 253 1689 304 c.
1717 253 1845 320 200]
2060 247 2133 313 17

176 414 294 475 que
338 396 521 462 edita.
591 395 829 471 equites
861 395 1023 456 mille
1050 395 1377 471 Numidae,
1427 414 1563 458 cum
1600 399 1722 459 duo
1752 401 1917 464 milia
1948 402 2139 478 daret,

175 481 433 556 accepti.
497 479 638 556 ipse
679 479 740 538 in
781 478 959 542 navis
1001 480 1413 554 imponendos
1458 484 1720 554 curavit,
1770 491 1995 544 etcum
2027 485 2136 546 ‹lu-

173 566 365 627 centis
405 562 650 628 milibus
691 563 961 625 modium
1002 564 1212 640 tritici,
1257 565 1536 626 ducentis
1578 565 1790 626 hordei
1835 570 1893 627 in
1937 569 2137 630 Mace-

173 649 416 712 doniam
469 646 651 709 misit.
723 647 906 714 tertia
953 647 1176 724 legatio
1229 650 1314 710 ad
1349 649 1698 710 Verminam
1742 659 1889 711 erat.
1960 653 2014 712 is
2058 654 2139 715 ad

173 735 403 808 primos
447 731 606 796 fines
635 731 808 806 regni
837 731 1062 806 legatis,
1087 732 1332 794 obviam
1361 749 1735 808 progressus
1753 781 1767 809 ,
1811 741 1880 794 ut
1908 737 2137 797 scribe-

171 823 306 877 rent
329 815 451 891 ipsi
483 829 638 890 quas
661 816 890 882 vellent
909 815 1084 890 pacis
1109 817 1526 890 condiciones,
1558 818 1864 892 permisit:
1896 835 2137 880 omnem

174 900 389 976 pacem
430 899 652 966 bonam
697 898 1046 974 iustamque
1087 901 1220 960 fore
1264 901 1380 962 sibi
1411 916 1547 962 cum
1578 891 1808 976 populo
1836 905 2134 966 Romano.

173 986 352 1046 datae
389 983 562 1064 leges
597 983 805 1058 pacis,
849 984 1186 1059 iussusque
1221 983 1303 1044 ad
1332 999 1466 1044 eam
1496 985 1975 1056 confirmandam
2004 989 2135 1048 mit-

169 1075 299 1128 tere
327 1068 566 1148 legatos
595 1067 872 1136 Romam.

333 1151 461 1212 XX.
505 1151 621 1216 Per
648 1150 812 1213 idem
837 1158 1080 1228 tempus
1103 1151 1170 1209 L.
1197 1153 1513 1214 Cornelius
1536 1153 1827 1221 Lentulus
1853 1159 1964 1231 pro
1990 1171 2134 1218 con-

169 1238 306 1296 sule
347 1251 432 1295 ex
453 1234 753 1310 Hispania
778 1235 973 1296 rediit.
1041 1235 1143 1310 qui
1177 1252 1315 1297 cum
1345 1237 1407 1296 in
1438 1244 1655 1298 senatu
1681 1254 1783 1299 res
1816 1240 1891 1300 ab
1922 1256 1992 1300 se
2021 1257 2137 1316 per

167 1322 392 1380 multos
415 1335 610 1388 annos
625 1319 860 1380 fortiter
885 1319 1263 1394 feliciterque
1285 1327 1492 1395 gestas
1510 1323 1907 1396 exposuisset
1919 1331 2133 1399 postu-

167 1407 502 1479 lassetque,
539 1409 606 1464 ut
636 1402 1036 1478 triumphanti,
1059 1403 1176 1463 sibi
1201 1404 1407 1479 invehi
1438 1405 1650 1464 liceret
1676 1406 1736 1464 in
1767 1406 2000 1480 urbem,
2030 1423 2133 1467 res

167 1487 476 1564 triumpho
510 1488 732 1562 dignas·
757 1503 902 1548 esse
932 1487 1226 1548 censebat
1253 1495 1535 1563 senatuS,
1575 1489 1691 1548 sed
1718 1491 2067 1565 exemplum
2098 1506 2135 1550 a

166 1569 506 1637 maioribus¹
553 1589 674 1632 non
726 1572 1080 1647 accepisse,
1131 1578 1198 1632 ut
1241 1572 1345 1648 qui
1389 1587 1593 1646 neque
1632 1573 1891 1634 dictator
1930 1590 2133 1650 neque

167 1657 384 1717 consul
439 1671 643 1731 neque
695 1662 943 1731 praetor
996 1670 1099 1716 res
1149 1657 1483 1730 gessisset,
1532 1657 1948 1732 triumpharet.
2016 1675 2130 1734 pro

165 1740 425 1801 consule
467 1739 634 1801 illum
661 1739 1022 1814 Hispaniam
1061 1740 1470 1816 provinciam,
1516 1756 1637 1801 non
1682 1743 1999 1802 consulem
2029 1751 2135 1803 aut

162 1831 512 1900 praetorem
555 1823 915 1888 obtinuisse.
987 1823 1426 1889 decurrebatur
1454 1830 1657 1884 tamen
1689 1841 1794 1900 eo,
1838 1833 1906 1886 ut
1934 1841 2130 1885 ovans

160 1908 378 1969 urbem
422 1906 627 1982 iniret,
669 1906 1086 1968 intercedente
1117 1908 1203 1967 Ti.
1239 1907 1602 1984 Sempronio
1631 1909 1845 1985 Longo
1887 1910 2131 1971 tribuno

157 1992 396 2069 plebiS,
415 1993 520 2068 qui
543 1992 732 2053 nihilo
755 1994 950 2068 magis
972 1992 1036 2052 id
1060 2009 1232 2056 more
1253 1994 1551 2053 maiorum
1576 2000 1682 2055 aut
1696 1996 1819 2054 ullo
1845 1996 2130 2069 exemplo

158 2080 434 2146 futurum
463 2075 712 2140 diceret.
759 2082 1071 2151 postremo
1100 2077 1301 2139 victus
1333 2093 1645 2139 consensu
1674 2085 1912 2153 patrum
1941 2077 2129 2138 tribu-

159 2178 278 2223 nus
319 2160 544 2231 cessit;
589 2168 649 2221 et
677 2174 756 2219 ex
786 2168 1038 2223 senatus
1071 2162 1353 2225 consulto
1382 2162 1449 2219 L.
1478 2161 1771 2223 Lentulus
1804 2177 1999 2222 ovans
2028 2178 2125 2221 ur·
2162 2230 2167 2233 ,

158 2247 300 2306 bem
347 2250 442 2305 est
480 2246 822 2319 ingressus.
889 2246 1122 2320 argenti
1163 2247 1299 2305 tulit
1338 2260 1431 2304 ex⁸
1458 2245 1689 2318 praeda
1731 2244 2129 2319 quadraginta

157 2331 274 2389 tria
314 2329 481 2388 milia
524 2329 764 2403 pond0‚
807 2330 940 2392 auri
984 2330 1106 2389 duo
1149 2328 1314 2388 milia
1358 2327 1803 2401 quadringenta
1832 2327 2131 2402 quinqua·

155 2416 350 2489 ginta.
388 2413 678 2476 militibus
710 2428 792 2473 ex
817 2413 1050 2488 praeda
1081 2419 1324 2475 centum
1351 2410 1565 2485 viginti
1592 2426 1770 2471 asses
1802 2411 2023 2471 divisit.

325 2497 482 2559 XXI.
527 2498 655 2559 Iam
699 2498 1004 2563 exercitus
1035 2496 1488 2558 consularisab
1512 2495 1759 2557 Arretio
1791 2496 2130 2555 Ariminum
2156 2531 2386 2589 §.K-m

154 2581 556 2643 transductus
580 2588 744 2653 erat,
798 2590 857 2642 et
887 2582 1157 2656 quinque
1185 2580 1360 2641 milia.
1374 2581 1615 2641 socium
1645 2580 1839 2641 Latini
1868 2580 2129 2641 nominis

154 2682 238 2726 ex
262 2665 462 2728 Gallia
489 2664 550 2724 in
571 2664 872 2727 Etruriam
896 2666 1278 2725 transierant.
1323 2664 1529 2738 itaque
1551 2662 1869 2737 L.FuriuS‚
1893 2664 2131 2738 magnis

154 2748 480 2811 itineribus
511 2748 590 2809 ab
613 2749 886 2809 Arimino
919 2750 1218 2812 adversus
1244 2748 1833 2809 Gallosicremonam
1860 2755 1989 2807 tum
2024 2748 2133 2807 ob-.

155 2834 438 2896 sidentes
481 2833 834 2907 profectus,
873 2839 1078 2899 castra
1117 2833 1281 2893 mille
1320 2833 1790 2906 quingentorum
1833 2846 2131 2908 passuum

153 2917 484 2979 intervallo
529 2916 607 2975 ab
635 2915 818 2978 hoste
857 2917 1082 2993 posuit.
1155 2916 1403 2977 occasio
1434 2917 1680 2990 egregie
1706 2916 1795 2975 rei
1822 2917 2133 2991 gerendae

155 3000 302 3075 fuit,
347 3001 400 3062 si
443 3000 724 3075 protinus
767 3001 846 3062 de
877 2998 982 3060 via
1022 3001 1100 3060 ad
1143 3009 1345 3061 castra
1385 3000 1805 3075 oppugnanda
1832 3000 2131 3059 duxisset.

157 3084 354 3159 palati
396 3083 630 3159 passim
672 3083 1052 3159 vagabantur
1095 3100 1204 3159 per
1238 3099 1422 3159 agros
1453 3086 1618 3143 nullo
1650 3084 1801 3143 satis
1831 3083 2005 3141 firmo
2036 3095 2125 3139 re-

155 3170 304 3229 licto
350 3166 683 3243 praesidio.
755 3168 1098 3247 lassitudini
1139 3167 1392 3227 militum
1430 3167 1655 3239 timuit,
1702 3166 1871 3241 quod
1910 3164 2132 3239 raptim

156 3253 417 3316 ductum
445 3266 662 3327 agmen
695 3259 844 3315 erat.
891 3253 1046 3316 Galli
1075 3254 1341 3311 clamore
1371 3265 1627 3311 suorum
1653 3248 1925 3323 ex.agris
1953 3264 2132 3308 revo-

155 3335 283 3397 cati
312 3336 548 3397 omissa
579 3336 838 3409 praeda,
887 3351 1048 3412 quae
1073 3336 1134 3393 in
1165 3333 1447 3394 manibus
1478 3338 1625 3405 erat,
1678 3339 1883 3393 castra
1909 3331 2131 3407 repeti-

156 3436 341 3495 vere,
385 3426 448 3479 et
489 3427 741 3495 postero
787 3420 885 3479 die
928 3421 987 3478 in
1032 3418 1224 3478 aciem
1265 3416 1622 3493 progressi.⁸
1669 3432 1789 3479 nec
1814 3418 2131 3477 Romanus

157 3518 396 3565 moram
441 3500 756 3579 pugnandi
797 3504 958 3565 fecit.
1025 3502 1140 3563 sed
1182 3502 1286 3561 vix
1330 3502 1591 3578 spatium
1621 3500 1961 3561 instruendi
1992 3500 2132 3559 ruit.

243 3604 303 3645 τ.
348 3602 474 3645 Liv1
520 3603 673 3647 PARS
719 3584 824 3645 IV.
926 3626 934 3634 -
1684 3592 1721 3644 2
