<?xml version="1.0" encoding="UTF-8"?>
<!DOCTYPE html PUBLIC "-//W3C//DTD XHTML 1.0 Transitional//EN"
    "http://www.w3.org/TR/xhtml1/DTD/xhtml1-transitional.dtd">
<html xmlns="http://www.w3.org/1999/xhtml" xml:lang="en" lang="en">
 <head>
  <title>
</title>
<meta http-equiv="Content-Type" content="text/html;charset=utf-8" />
  <meta name='ocr-system' content='tesseract 3.04.00' />
  <meta name='ocr-capabilities' content='ocr_page ocr_carea ocr_par ocr_line ocrx_word'/>
</head>
<body>
  <div class='ocr_page' id='page_1' title='image "./aburbeconditali14livygoog_0284.png"; bbox 0 0 2548 3950; ppageno 0'>
   <div class='ocr_carea' id='block_1_1' title="bbox 448 175 2187 291">
    <p class='ocr_par' dir='ltr' id='par_1_1' title="bbox 448 175 2187 291">
     <span class='ocr_line' id='line_1_1' title="bbox 448 175 2187 291; baseline 0.006 -17"><span class='ocrx_word' id='word_1_1' title='bbox 448 191 452 195; x_wconf 76' lang='grc'><strong>’</strong></span> <span class='ocrx_word' id='word_1_2' title='bbox 547 183 775 276; x_wconf 74' lang='lat' dir='ltr'><strong>Lissa</strong></span> <span class='ocrx_word' id='word_1_3' title='bbox 803 175 1071 277; x_wconf 81' lang='lat' dir='ltr'><strong>xxxvi.</strong></span> <span class='ocrx_word' id='word_1_4' title='bbox 1117 217 1284 275; x_wconf 58' lang='lat' dir='ltr'><strong>exp,</strong></span> <span class='ocrx_word' id='word_1_5' title='bbox 1314 224 1401 277; x_wconf 74' lang='lat'><strong>42.</strong></span> <span class='ocrx_word' id='word_1_6' title='bbox 1423 223 1509 279; x_wconf 81' lang='lat'><strong>43.</strong></span> <span class='ocrx_word' id='word_1_7' title='bbox 1558 225 1630 291; x_wconf 76' lang='lat' dir='ltr'><strong>[a.</strong></span> <span class='ocrx_word' id='word_1_8' title='bbox 1658 223 1721 274; x_wconf 84' lang='lat' dir='ltr'><strong>e.</strong></span> <span class='ocrx_word' id='word_1_9' title='bbox 1749 224 1869 291; x_wconf 83' lang='lat'>191]</span> <span class='ocrx_word' id='word_1_10' title='bbox 1947 287 1948 290; x_wconf 5' lang='lat' dir='ltr'><strong>q</strong></span> <span class='ocrx_word' id='word_1_11' title='bbox 2068 220 2187 284; x_wconf 73' lang='lat'><strong>257</strong></span> 
     </span>
    </p>
   </div>
   <div class='ocr_carea' id='block_1_2' title="bbox 182 366 2185 3607">
    <p class='ocr_par' dir='ltr' id='par_1_2' title="bbox 182 366 2185 3607">
     <span class='ocr_line' id='line_1_2' title="bbox 199 366 2185 446; baseline -0.001 -12"><span class='ocrx_word' id='word_1_12' title='bbox 199 387 441 445; x_wconf 71' lang='lat' dir='ltr'><strong>causa,</strong></span> <span class='ocrx_word' id='word_1_13' title='bbox 488 370 685 446; x_wconf 80' lang='lat' dir='ltr'><strong>pergit</strong></span> <span class='ocrx_word' id='word_1_14' title='bbox 723 368 999 443; x_wconf 83' lang='lat' dir='ltr'><strong>protinus</strong></span> <span class='ocrx_word' id='word_1_15' title='bbox 1043 368 1335 443; x_wconf 79' lang='lat' dir='ltr'><strong>navigare</strong></span> <span class='ocrx_word' id='word_1_16' title='bbox 1374 366 1887 444; x_wconf 82' lang='lat' dir='ltr'><strong>Peloponnesum.</strong></span> <span class='ocrx_word' id='word_1_17' title='bbox 1960 370 2185 434; x_wconf 80' lang='lat' dir='ltr'>Samen</span> 
     </span>
     <span class='ocr_line' id='line_1_3' title="bbox 198 452 2178 534; baseline 0.001 -19"><span class='ocrx_word' id='word_1_18' title='bbox 198 454 755 534; x_wconf 80' lang='lat' dir='ltr'><strong>Zacynthumque,</strong></span> <span class='ocrx_word' id='word_1_19' title='bbox 810 453 954 528; x_wconf 88' lang='lat' dir='ltr'><strong>quia</strong></span> <span class='ocrx_word' id='word_1_20' title='bbox 1007 452 1194 525; x_wconf 87' lang='lat' dir='ltr'><strong>partis</strong></span> <span class='ocrx_word' id='word_1_21' title='bbox 1239 452 1599 511; x_wconf 82' lang='lat' dir='ltr'><strong>Aetolorum</strong></span> <span class='ocrx_word' id='word_1_22' title='bbox 1639 455 1976 513; x_wconf 85' lang='lat' dir='ltr'><strong>maluerant</strong></span> <span class='ocrx_word' id='word_1_23' title='bbox 2018 473 2178 529; x_wconf 84' lang='lat' dir='ltr'><strong>esse,</strong></span> 
     </span>
     <span class='ocr_line' id='line_1_4' title="bbox 207 534 2178 614; baseline 0.001 -17"><span class='ocrx_word' id='word_1_24' title='bbox 207 536 498 614; x_wconf 82' lang='lat' dir='ltr'><strong>protinus</strong></span> <span class='ocrx_word' id='word_1_25' title='bbox 542 536 954 611; x_wconf 89' lang='lat' dir='ltr'><strong>depopulatus</strong></span> <span class='ocrx_word' id='word_1_26' title='bbox 982 534 1242 593; x_wconf 82' lang='lat' dir='ltr'><strong>Maleam</strong></span> <span class='ocrx_word' id='word_1_27' title='bbox 1271 536 1453 609; x_wconf 89' lang='lat' dir='ltr'><strong>petit;</strong></span> <span class='ocrx_word' id='word_1_28' title='bbox 1502 543 1559 594; x_wconf 88' lang='lat' dir='ltr'><strong>et</strong></span> <span class='ocrx_word' id='word_1_29' title='bbox 1595 549 1905 610; x_wconf 88' lang='lat' dir='ltr'><strong>prospera</strong></span> <span class='ocrx_word' id='word_1_30' title='bbox 1932 543 2178 613; x_wconf 74' lang='lat' dir='ltr'><strong>naviga-</strong></span> 
     </span>
     <span class='ocr_line' id='line_1_5' title="bbox 202 617 2178 695; baseline 0 -12"><span class='ocrx_word' id='word_1_31' title='bbox 202 624 382 683; x_wconf 79' lang='lat' dir='ltr'><strong>tione</strong></span> <span class='ocrx_word' id='word_1_32' title='bbox 407 636 577 688; x_wconf 66' lang='lat' dir='ltr'><strong>⁴usus</strong></span> <span class='ocrx_word' id='word_1_33' title='bbox 618 620 837 695; x_wconf 81' lang='lat' dir='ltr'><strong>paucis</strong></span> <span class='ocrx_word' id='word_1_34' title='bbox 879 618 1097 678; x_wconf 89' lang='lat' dir='ltr'><strong>diebus</strong></span> <span class='ocrx_word' id='word_1_35' title='bbox 1125 617 1445 678; x_wconf 83' lang='lat' dir='ltr'><strong>Piraeeum</strong></span> <span class='ocrx_word' id='word_1_36' title='bbox 1486 619 1567 678; x_wconf 87' lang='lat' dir='ltr'><strong>ad</strong></span> <span class='ocrx_word' id='word_1_37' title='bbox 1606 626 1877 680; x_wconf 83' lang='lat' dir='ltr'><strong>veterem</strong></span> <span class='ocrx_word' id='word_1_38' title='bbox 1916 625 2178 683; x_wconf 80' lang='lat' dir='ltr'><strong>classem</strong></span> 
     </span>
     <span class='ocr_line' id='line_1_6' title="bbox 188 701 2176 781; baseline 0.001 -16"><span class='ocrx_word' id='word_1_39' title='bbox 188 705 512 781; x_wconf 75' lang='lat' dir='ltr'><strong>pervenit.</strong></span> <span class='ocrx_word' id='word_1_40' title='bbox 557 703 636 764; x_wconf 92' lang='lat' dir='ltr'><strong>ad</strong></span> <span class='ocrx_word' id='word_1_41' title='bbox 668 701 1020 781; x_wconf 77' lang='lat' dir='ltr'><strong>Scyllaeum</strong></span> <span class='ocrx_word' id='word_1_42' title='bbox 1041 701 1353 761; x_wconf 87' lang='lat' dir='ltr'><strong>Eumenes</strong></span> <span class='ocrx_word' id='word_1_43' title='bbox 1380 716 1497 761; x_wconf 85' lang='lat' dir='ltr'><strong>rex</strong></span> <span class='ocrx_word' id='word_1_44' title='bbox 1523 718 1661 763; x_wconf 91' lang='lat' dir='ltr'><strong>cum</strong></span> <span class='ocrx_word' id='word_1_45' title='bbox 1689 703 1886 765; x_wconf 89' lang='lat' dir='ltr'><strong>tribus</strong></span> <span class='ocrx_word' id='word_1_46' title='bbox 1917 709 2176 766; x_wconf 74' lang='lat' dir='ltr'><strong>navibus</strong></span> 
     </span>
     <span class='ocr_line' id='line_1_7' title="bbox 196 785 2176 862; baseline -0.001 -13"><span class='ocrx_word' id='word_1_47' title='bbox 196 789 497 862; x_wconf 81' lang='lat' dir='ltr'><strong>occurrit,</strong></span> <span class='ocrx_word' id='word_1_48' title='bbox 534 803 671 847; x_wconf 92' lang='lat' dir='ltr'><strong>cum</strong></span> <span class='ocrx_word' id='word_1_49' title='bbox 701 786 974 861; x_wconf 76' lang='lat' dir='ltr'><strong>Aeginae</strong></span> <span class='ocrx_word' id='word_1_50' title='bbox 1005 786 1111 845; x_wconf 90' lang='lat' dir='ltr'><strong>diu</strong></span> <span class='ocrx_word' id='word_1_51' title='bbox 1138 785 1407 845; x_wconf 89' lang='lat' dir='ltr'><strong>incertus</strong></span> <span class='ocrx_word' id='word_1_52' title='bbox 1438 785 1677 846; x_wconf 90' lang='lat' dir='ltr'><strong>consilii</strong></span> <span class='ocrx_word' id='word_1_53' title='bbox 1707 786 1942 859; x_wconf 83' lang='lat' dir='ltr'><strong>fuisset,</strong></span> <span class='ocrx_word' id='word_1_54' title='bbox 1978 799 2176 849; x_wconf 84' lang='lat' dir='ltr'><strong>utrum</strong></span> 
     </span>
     <span class='ocr_line' id='line_1_8' title="bbox 195 869 2174 943; baseline 0 -12"><span class='ocrx_word' id='word_1_55' title='bbox 195 874 289 931; x_wconf 80' lang='lat' dir='ltr'><strong>ad</strong></span> <span class='ocrx_word' id='word_1_56' title='bbox 325 872 612 931; x_wconf 90' lang='lat' dir='ltr'><strong>tuendum</strong></span> <span class='ocrx_word' id='word_1_57' title='bbox 651 870 875 929; x_wconf 83' lang='lat' dir='ltr'><strong>rediret</strong></span> <span class='ocrx_word' id='word_1_58' title='bbox 917 884 1174 943; x_wconf 80' lang='lat' dir='ltr'><strong>regnum</strong></span> <span class='ocrx_word' id='word_1_59' title='bbox 1195 901 1284 913; x_wconf 92' lang='lat'><strong>--</strong></span> <span class='ocrx_word' id='word_1_60' title='bbox 1303 869 1590 931; x_wconf 80' lang='lat' dir='ltr'><strong>audiebat</strong></span> <span class='ocrx_word' id='word_1_61' title='bbox 1618 870 1780 930; x_wconf 90' lang='lat' dir='ltr'><strong>enim</strong></span> <span class='ocrx_word' id='word_1_62' title='bbox 1810 873 2174 933; x_wconf 82' lang='lat' dir='ltr'><strong>Antiochum</strong></span> 
     </span>
     <span class='ocr_line' id='line_1_9' title="bbox 202 953 2172 1030; baseline 0 -15"><span class='ocrx_word' id='word_1_63' title='bbox 202 955 443 1030; x_wconf 82' lang='lat' dir='ltr'><strong>Ephesi</strong></span> <span class='ocrx_word' id='word_1_64' title='bbox 484 953 737 1014; x_wconf 85' lang='lat' dir='ltr'><strong>navales</strong></span> <span class='ocrx_word' id='word_1_65' title='bbox 781 959 1230 1027; x_wconf 78' lang='lat' dir='ltr'><strong>terrestresque</strong></span> <span class='ocrx_word' id='word_1_66' title='bbox 1273 968 1493 1027; x_wconf 88' lang='lat' dir='ltr'><strong>parare</strong></span> <span class='ocrx_word' id='word_1_67' title='bbox 1530 954 1743 1028; x_wconf 89' lang='lat' dir='ltr'><strong>copias</strong></span> <span class='ocrx_word' id='word_1_68' title='bbox 1767 988 1873 1029; x_wconf 91' lang='lat'><strong>—‚</strong></span> <span class='ocrx_word' id='word_1_69' title='bbox 1920 973 1996 1013; x_wconf 88' lang='lat' dir='ltr'><strong>an</strong></span> <span class='ocrx_word' id='word_1_70' title='bbox 2028 975 2172 1015; x_wconf 84' lang='lat' dir='ltr'><strong>nus-</strong></span> 
     </span>
     <span class='ocr_line' id='line_1_10' title="bbox 200 1035 2172 1113; baseline 0.001 -15"><span class='ocrx_word' id='word_1_71' title='bbox 200 1054 398 1113; x_wconf 80' lang='lat' dir='ltr'><strong>quam</strong></span> <span class='ocrx_word' id='word_1_72' title='bbox 449 1037 812 1098; x_wconf 82' lang='lat' dir='ltr'><strong>abscederet</strong></span> <span class='ocrx_word' id='word_1_73' title='bbox 860 1035 937 1096; x_wconf 91' lang='lat' dir='ltr'><strong>ab</strong></span> <span class='ocrx_word' id='word_1_74' title='bbox 976 1037 1301 1108; x_wconf 76' lang='lat' dir='ltr'><strong>RomaniS,</strong></span> <span class='ocrx_word' id='word_1_75' title='bbox 1354 1051 1433 1095; x_wconf 90' lang='lat' dir='ltr'><strong>ex</strong></span> <span class='ocrx_word' id='word_1_76' title='bbox 1476 1053 1735 1112; x_wconf 90' lang='lat' dir='ltr'><strong>quorum</strong></span> <span class='ocrx_word' id='word_1_77' title='bbox 1778 1040 2016 1099; x_wconf 84' lang='lat' dir='ltr'><strong>fortuna</strong></span> <span class='ocrx_word' id='word_1_78' title='bbox 2060 1059 2172 1099; x_wconf 74' lang='lat' dir='ltr'><strong>sua</strong></span> 
     </span>
     <span class='ocr_line' id='line_1_11' title="bbox 204 1119 2168 1198; baseline 0.001 -16"><span class='ocrx_word' id='word_1_79' title='bbox 204 1123 526 1198; x_wconf 85' lang='lat' dir='ltr'><strong>penderet.</strong></span> <span class='ocrx_word' id='word_1_80' title='bbox 593 1138 630 1180; x_wconf 89' lang='lat' dir='ltr'><strong>a</strong></span> <span class='ocrx_word' id='word_1_81' title='bbox 654 1119 907 1180; x_wconf 88' lang='lat' dir='ltr'><strong>Piraeeo</strong></span> <span class='ocrx_word' id='word_1_82' title='bbox 937 1122 1011 1179; x_wconf 85' lang='lat' dir='ltr'><strong>A.</strong></span> <span class='ocrx_word' id='word_1_83' title='bbox 1042 1120 1293 1194; x_wconf 77' lang='lat' dir='ltr'><strong>AtiliuS‚</strong></span> <span class='ocrx_word' id='word_1_84' title='bbox 1334 1120 1571 1181; x_wconf 87' lang='lat' dir='ltr'><strong>traditis</strong></span> <span class='ocrx_word' id='word_1_85' title='bbox 1613 1125 1964 1183; x_wconf 84' lang='lat' dir='ltr'><strong>successori</strong></span> <span class='ocrx_word' id='word_1_86' title='bbox 1998 1125 2168 1197; x_wconf 83' lang='lat' dir='ltr'><strong>quin-</strong></span> 
     </span>
     <span class='ocr_line' id='line_1_12' title="bbox 201 1201 2166 1281; baseline 0.001 -16"><span class='ocrx_word' id='word_1_87' title='bbox 201 1221 334 1281; x_wconf 90' lang='lat' dir='ltr'><strong>que</strong></span> <span class='ocrx_word' id='word_1_88' title='bbox 365 1213 426 1265; x_wconf 89' lang='lat' dir='ltr'><strong>ct</strong></span> <span class='ocrx_word' id='word_1_89' title='bbox 455 1205 660 1279; x_wconf 81' lang='lat' dir='ltr'><strong>viginti</strong></span> <span class='ocrx_word' id='word_1_90' title='bbox 683 1201 1160 1279; x_wconf 86' lang='lat' dir='ltr'><strong>navibustectis,</strong></span> <span class='ocrx_word' id='word_1_91' title='bbox 1188 1204 1446 1265; x_wconf 81' lang='lat' dir='ltr'><strong>Romam</strong></span> <span class='ocrx_word' id='word_1_92' title='bbox 1468 1210 1566 1265; x_wconf 89' lang='lat' dir='ltr'><strong>est</strong></span> <span class='ocrx_word' id='word_1_93' title='bbox 1587 1206 1917 1281; x_wconf 76' lang='lat' dir='ltr'><strong>profectus.</strong></span> <span class='ocrx_word' id='word_1_94' title='bbox 1960 1207 2166 1267; x_wconf 83' lang='lat' dir='ltr'><strong>Livius</strong></span> 
     </span>
     <span class='ocr_line' id='line_1_13' title="bbox 198 1286 2166 1364; baseline 0 -15"><span class='ocrx_word' id='word_1_95' title='bbox 198 1305 333 1349; x_wconf 86' lang='lat' dir='ltr'><strong>una</strong></span> <span class='ocrx_word' id='word_1_96' title='bbox 361 1294 422 1349; x_wconf 87' lang='lat' dir='ltr'><strong>et</strong></span> <span class='ocrx_word' id='word_1_97' title='bbox 449 1289 757 1363; x_wconf 85' lang='lat' dir='ltr'><strong>octoginta</strong></span> <span class='ocrx_word' id='word_1_98' title='bbox 787 1289 1110 1348; x_wconf 80' lang='lat' dir='ltr'><strong>constratis</strong></span> <span class='ocrx_word' id='word_1_99' title='bbox 1142 1286 1429 1362; x_wconf 84' lang='lat' dir='ltr'><strong>navibuS‚</strong></span> <span class='ocrx_word' id='word_1_100' title='bbox 1480 1290 1683 1349; x_wconf 89' lang='lat' dir='ltr'><strong>multis</strong></span> <span class='ocrx_word' id='word_1_101' title='bbox 1713 1294 2032 1364; x_wconf 86' lang='lat' dir='ltr'><strong>praeterea</strong></span> <span class='ocrx_word' id='word_1_102' title='bbox 2062 1295 2166 1349; x_wconf 86' lang='lat' dir='ltr'><strong>mi-</strong></span> 
     </span>
     <span class='ocr_line' id='line_1_14' title="bbox 198 1373 2166 1448; baseline 0 -15"><span class='ocrx_word' id='word_1_103' title='bbox 198 1373 492 1446; x_wconf 81' lang='lat' dir='ltr'><strong>noribuS,</strong></span> <span class='ocrx_word' id='word_1_104' title='bbox 541 1388 699 1448; x_wconf 88' lang='lat' dir='ltr'><strong>quae</strong></span> <span class='ocrx_word' id='word_1_105' title='bbox 741 1380 846 1431; x_wconf 85' lang='lat' dir='ltr'><strong>aut</strong></span> <span class='ocrx_word' id='word_1_106' title='bbox 879 1378 1128 1446; x_wconf 86' lang='lat' dir='ltr'><strong>apertae</strong></span> <span class='ocrx_word' id='word_1_107' title='bbox 1156 1378 1459 1432; x_wconf 85' lang='lat' dir='ltr'><strong>rostratae</strong></span> <span class='ocrx_word' id='word_1_108' title='bbox 1488 1379 1592 1433; x_wconf 86' lang='lat' dir='ltr'><strong>aut</strong></span> <span class='ocrx_word' id='word_1_109' title='bbox 1618 1374 1751 1432; x_wconf 90' lang='lat' dir='ltr'><strong>sine</strong></span> <span class='ocrx_word' id='word_1_110' title='bbox 1777 1375 1992 1433; x_wconf 86' lang='lat' dir='ltr'><strong>rostris</strong></span> <span class='ocrx_word' id='word_1_111' title='bbox 2026 1391 2166 1447; x_wconf 80' lang='lat' dir='ltr'><strong>spe-</strong></span> 
     </span>
     <span class='ocr_line' id='line_1_15' title="bbox 198 1454 2164 1529; baseline -0.001 -12"><span class='ocrx_word' id='word_1_112' title='bbox 198 1457 541 1517; x_wconf 88' lang='lat' dir='ltr'><strong>culatoriae</strong></span> <span class='ocrx_word' id='word_1_113' title='bbox 570 1462 770 1527; x_wconf 89' lang='lat' dir='ltr'><strong>erant,</strong></span> <span class='ocrx_word' id='word_1_114' title='bbox 812 1455 1027 1515; x_wconf 90' lang='lat' dir='ltr'><strong>Delum</strong></span> <span class='ocrx_word' id='word_1_115' title='bbox 1054 1454 1310 1515; x_wconf 86' lang='lat' dir='ltr'><strong>traiecit.</strong></span> <span class='ocrx_word' id='word_1_116' title='bbox 1375 1454 1580 1515; x_wconf 87' lang='lat' dir='ltr'><strong>XLIII.</strong></span> <span class='ocrx_word' id='word_1_117' title='bbox 1626 1470 1701 1515; x_wconf 90' lang='lat' dir='ltr'><strong>eo</strong></span> <span class='ocrx_word' id='word_1_118' title='bbox 1734 1456 1863 1514; x_wconf 81' lang='lat' dir='ltr'><strong>fere</strong></span> <span class='ocrx_word' id='word_1_119' title='bbox 1890 1462 2164 1529; x_wconf 82' lang='lat' dir='ltr'><strong>tempore</strong></span> 
     </span>
     <span class='ocr_line' id='line_1_16' title="bbox 192 1538 2164 1615; baseline -0.002 -14"><span class='ocrx_word' id='word_1_120' title='bbox 192 1542 425 1602; x_wconf 89' lang='lat' dir='ltr'><strong>consul</strong></span> <span class='ocrx_word' id='word_1_121' title='bbox 451 1540 686 1600; x_wconf 81' lang='lat' dir='ltr'><strong>Acilius</strong></span> <span class='ocrx_word' id='word_1_122' title='bbox 713 1539 1092 1613; x_wconf 85' lang='lat' dir='ltr'><strong>Naupactum</strong></span> <span class='ocrx_word' id='word_1_123' title='bbox 1134 1539 1551 1614; x_wconf 81' lang='lat' dir='ltr'><strong>oppugnabat.</strong></span> <span class='ocrx_word' id='word_1_124' title='bbox 1623 1540 1860 1599; x_wconf 90' lang='lat' dir='ltr'><strong>Livium</strong></span> <span class='ocrx_word' id='word_1_125' title='bbox 1886 1538 2018 1597; x_wconf 89' lang='lat' dir='ltr'><strong>Deli</strong></span> <span class='ocrx_word' id='word_1_126' title='bbox 2050 1559 2164 1615; x_wconf 82' lang='lat' dir='ltr'><strong>per</strong></span> 
     </span>
     <span class='ocr_line' id='line_1_17' title="bbox 195 1622 2160 1700; baseline -0.001 -15"><span class='ocrx_word' id='word_1_127' title='bbox 195 1626 438 1699; x_wconf 86' lang='lat' dir='ltr'><strong>aliquot</strong></span> <span class='ocrx_word' id='word_1_128' title='bbox 477 1624 611 1683; x_wconf 90' lang='lat' dir='ltr'><strong>dies</strong></span> <span class='ocrx_word' id='word_1_129' title='bbox 633 1630 800 1683; x_wconf 93' lang='lat' dir='ltr'><strong>—et</strong></span> <span class='ocrx_word' id='word_1_130' title='bbox 840 1631 937 1683; x_wconf 88' lang='lat' dir='ltr'><strong>est</strong></span> <span class='ocrx_word' id='word_1_131' title='bbox 975 1622 1409 1683; x_wconf 87' lang='lat' dir='ltr'><strong>ventosissima</strong></span> <span class='ocrx_word' id='word_1_132' title='bbox 1446 1622 1617 1697; x_wconf 83' lang='lat' dir='ltr'><strong>regio</strong></span> <span class='ocrx_word' id='word_1_133' title='bbox 1660 1624 1817 1683; x_wconf 87' lang='lat' dir='ltr'><strong>inter</strong></span> <span class='ocrx_word' id='word_1_134' title='bbox 1856 1622 2160 1700; x_wconf 72' lang='lat' dir='ltr'><strong>Cycladas</strong></span> 
     </span>
     <span class='ocr_line' id='line_1_18' title="bbox 199 1705 2160 1770; baseline 0 -3"><span class='ocrx_word' id='word_1_135' title='bbox 199 1708 373 1767; x_wconf 78' lang='lat' dir='ltr'><strong>fretis</strong></span> <span class='ocrx_word' id='word_1_136' title='bbox 415 1707 568 1768; x_wconf 88' lang='lat' dir='ltr'><strong>alias</strong></span> <span class='ocrx_word' id='word_1_137' title='bbox 608 1706 942 1770; x_wconf 88' lang='lat' dir='ltr'><strong>maioribus</strong></span> <span class='ocrx_word' id='word_1_138' title='bbox 987 1708 1139 1767; x_wconf 82' lang='lat' dir='ltr'><strong>alias</strong></span> <span class='ocrx_word' id='word_1_139' title='bbox 1174 1705 1519 1767; x_wconf 88' lang='lat' dir='ltr'><strong>minoribus</strong></span> <span class='ocrx_word' id='word_1_140' title='bbox 1550 1706 1781 1766; x_wconf 87' lang='lat' dir='ltr'><strong>divisas</strong></span> <span class='ocrx_word' id='word_1_141' title='bbox 1802 1738 1891 1750; x_wconf 89' lang='lat'><strong>—</strong></span> <span class='ocrx_word' id='word_1_142' title='bbox 1913 1709 2160 1767; x_wconf 81' lang='lat' dir='ltr'><strong>adversi</strong></span> 
     </span>
     <span class='ocr_line' id='line_1_19' title="bbox 196 1788 2156 1868; baseline 0 -17"><span class='ocrx_word' id='word_1_143' title='bbox 196 1792 367 1852; x_wconf 90' lang='lat' dir='ltr'><strong>venti</strong></span> <span class='ocrx_word' id='word_1_144' title='bbox 404 1796 746 1851; x_wconf 88' lang='lat' dir='ltr'><strong>tenuerunt.</strong></span> <span class='ocrx_word' id='word_1_145' title='bbox 808 1788 1221 1868; x_wconf 79' lang='lat' dir='ltr'><strong>Polyxenidas</strong></span> <span class='ocrx_word' id='word_1_146' title='bbox 1265 1790 1487 1851; x_wconf 84' lang='lat' dir='ltr'><strong>certior</strong></span> <span class='ocrx_word' id='word_1_147' title='bbox 1516 1806 1628 1864; x_wconf 89' lang='lat' dir='ltr'><strong>per</strong></span> <span class='ocrx_word' id='word_1_148' title='bbox 1654 1790 1986 1867; x_wconf 87' lang='lat' dir='ltr'><strong>dispositas</strong></span> <span class='ocrx_word' id='word_1_149' title='bbox 2020 1811 2046 1851; x_wconf 88' lang='lat' dir='ltr'><strong>s</strong></span> <span class='ocrx_word' id='word_1_150' title='bbox 2052 1809 2156 1865; x_wconf 79' lang='lat' dir='ltr'><strong>pe-</strong></span> 
     </span>
     <span class='ocr_line' id='line_1_20' title="bbox 201 1872 2158 1945; baseline -0.001 -10"><span class='ocrx_word' id='word_1_151' title='bbox 201 1874 533 1935; x_wconf 86' lang='lat' dir='ltr'><strong>culatorias</strong></span> <span class='ocrx_word' id='word_1_152' title='bbox 555 1889 746 1934; x_wconf 86' lang='lat' dir='ltr'><strong>naves</strong></span> <span class='ocrx_word' id='word_1_153' title='bbox 771 1875 967 1934; x_wconf 83' lang='lat' dir='ltr'><strong>factus</strong></span> <span class='ocrx_word' id='word_1_154' title='bbox 987 1872 1122 1934; x_wconf 92' lang='lat' dir='ltr'><strong>Deli</strong></span> <span class='ocrx_word' id='word_1_155' title='bbox 1145 1881 1311 1934; x_wconf 89' lang='lat' dir='ltr'><strong>stare</strong></span> <span class='ocrx_word' id='word_1_156' title='bbox 1332 1874 1671 1934; x_wconf 88' lang='lat' dir='ltr'><strong>Romanam</strong></span> <span class='ocrx_word' id='word_1_157' title='bbox 1692 1874 1972 1945; x_wconf 84' lang='lat' dir='ltr'><strong>classem,</strong></span> <span class='ocrx_word' id='word_1_158' title='bbox 2008 1893 2158 1935; x_wconf 84' lang='lat' dir='ltr'><strong>nun-</strong></span> 
     </span>
     <span class='ocr_line' id='line_1_21' title="bbox 196 1957 2156 2034; baseline -0.002 -14"><span class='ocrx_word' id='word_1_159' title='bbox 196 1960 322 2020; x_wconf 88' lang='lat' dir='ltr'><strong>tios</strong></span> <span class='ocrx_word' id='word_1_160' title='bbox 353 1958 432 2019; x_wconf 85' lang='lat' dir='ltr'><strong>ad</strong></span> <span class='ocrx_word' id='word_1_161' title='bbox 460 1973 666 2034; x_wconf 86' lang='lat' dir='ltr'><strong>regem</strong></span> <span class='ocrx_word' id='word_1_162' title='bbox 695 1958 873 2018; x_wconf 89' lang='lat' dir='ltr'><strong>misit.</strong></span> <span class='ocrx_word' id='word_1_163' title='bbox 922 1958 1024 2033; x_wconf 90' lang='lat' dir='ltr'><strong>qui</strong></span> <span class='ocrx_word' id='word_1_164' title='bbox 1049 1958 1295 2019; x_wconf 88' lang='lat' dir='ltr'><strong>omissis</strong></span> <span class='ocrx_word' id='word_1_165' title='bbox 1322 1971 1481 2032; x_wconf 90' lang='lat' dir='ltr'><strong>quae</strong></span> <span class='ocrx_word' id='word_1_166' title='bbox 1509 1957 1570 2016; x_wconf 93' lang='lat' dir='ltr'><strong>in</strong></span> <span class='ocrx_word' id='word_1_167' title='bbox 1592 1957 1988 2032; x_wconf 86' lang='lat' dir='ltr'><strong>Hellesponto</strong></span> <span class='ocrx_word' id='word_1_168' title='bbox 2018 1975 2156 2029; x_wconf 76' lang='lat' dir='ltr'><strong>age—</strong></span> 
     </span>
     <span class='ocr_line' id='line_1_22' title="bbox 197 2041 2154 2117; baseline -0.001 -15"><span class='ocrx_word' id='word_1_169' title='bbox 197 2044 335 2117; x_wconf 89' lang='lat' dir='ltr'><strong>bat,</strong></span> <span class='ocrx_word' id='word_1_170' title='bbox 379 2056 514 2102; x_wconf 89' lang='lat' dir='ltr'><strong>cum</strong></span> <span class='ocrx_word' id='word_1_171' title='bbox 552 2043 830 2104; x_wconf 87' lang='lat' dir='ltr'><strong>rostratis</strong></span> <span class='ocrx_word' id='word_1_172' title='bbox 873 2041 1161 2114; x_wconf 78' lang='lat' dir='ltr'><strong>navibuS,</strong></span> <span class='ocrx_word' id='word_1_173' title='bbox 1207 2048 1496 2117; x_wconf 88' lang='lat' dir='ltr'><strong>quantum</strong></span> <span class='ocrx_word' id='word_1_174' title='bbox 1526 2041 1870 2100; x_wconf 88' lang='lat' dir='ltr'><strong>accelerare</strong></span> <span class='ocrx_word' id='word_1_175' title='bbox 1902 2051 2154 2114; x_wconf 77' lang='lat' dir='ltr'><strong>poterat,</strong></span> 
     </span>
     <span class='ocr_line' id='line_1_23' title="bbox 198 2124 2154 2202; baseline -0.002 -16"><span class='ocrx_word' id='word_1_176' title='bbox 198 2127 514 2202; x_wconf 81' lang='lat' dir='ltr'><strong>Ephesum</strong></span> <span class='ocrx_word' id='word_1_177' title='bbox 540 2127 714 2197; x_wconf 90' lang='lat' dir='ltr'><strong>redit,</strong></span> <span class='ocrx_word' id='word_1_178' title='bbox 746 2133 808 2185; x_wconf 91' lang='lat' dir='ltr'><strong>et</strong></span> <span class='ocrx_word' id='word_1_179' title='bbox 835 2125 1157 2186; x_wconf 89' lang='lat' dir='ltr'><strong>consilium</strong></span> <span class='ocrx_word' id='word_1_180' title='bbox 1186 2126 1493 2199; x_wconf 86' lang='lat' dir='ltr'><strong>extemplo</strong></span> <span class='ocrx_word' id='word_1_181' title='bbox 1526 2124 1749 2197; x_wconf 86' lang='lat' dir='ltr'><strong>habuit,</strong></span> <span class='ocrx_word' id='word_1_182' title='bbox 1784 2125 2154 2184; x_wconf 60' lang='lat' dir='ltr'><strong>faciendumss</strong></span> 
     </span>
     <span class='ocr_line' id='line_1_24' title="bbox 200 2205 2152 2286; baseline -0.001 -17"><span class='ocrx_word' id='word_1_183' title='bbox 200 2225 281 2269; x_wconf 90' lang='lat' dir='ltr'><strong>ne</strong></span> <span class='ocrx_word' id='word_1_184' title='bbox 308 2210 646 2286; x_wconf 90' lang='lat' dir='ltr'><strong>periculum</strong></span> <span class='ocrx_word' id='word_1_185' title='bbox 673 2210 908 2270; x_wconf 86' lang='lat' dir='ltr'><strong>navalis</strong></span> <span class='ocrx_word' id='word_1_186' title='bbox 940 2209 1285 2270; x_wconf 86' lang='lat' dir='ltr'><strong>certaminis</strong></span> <span class='ocrx_word' id='word_1_187' title='bbox 1316 2210 1491 2269; x_wconf 85' lang='lat' dir='ltr'><strong>foret.</strong></span> <span class='ocrx_word' id='word_1_188' title='bbox 1534 2205 1948 2285; x_wconf 80' lang='lat' dir='ltr'><strong>Polyxenidas</strong></span> <span class='ocrx_word' id='word_1_189' title='bbox 1970 2224 2152 2284; x_wconf 75' lang='lat' dir='ltr'><strong>nega-</strong></span> 
     </span>
     <span class='ocr_line' id='line_1_25' title="bbox 197 2290 2152 2368; baseline -0.001 -14"><span class='ocrx_word' id='word_1_190' title='bbox 197 2295 303 2354; x_wconf 90' lang='lat' dir='ltr'><strong>bat</strong></span> <span class='ocrx_word' id='word_1_191' title='bbox 325 2294 711 2365; x_wconf 90' lang='lat' dir='ltr'><strong>cessandum,</strong></span> <span class='ocrx_word' id='word_1_192' title='bbox 738 2299 799 2352; x_wconf 91' lang='lat' dir='ltr'><strong>et</strong></span> <span class='ocrx_word' id='word_1_193' title='bbox 818 2292 1030 2368; x_wconf 89' lang='lat' dir='ltr'><strong>utique</strong></span> <span class='ocrx_word' id='word_1_194' title='bbox 1050 2293 1220 2368; x_wconf 88' lang='lat' dir='ltr'><strong>prius</strong></span> <span class='ocrx_word' id='word_1_195' title='bbox 1248 2290 1703 2365; x_wconf 80' lang='lat' dir='ltr'><strong>confligendum</strong></span> <span class='ocrx_word' id='word_1_196' title='bbox 1728 2305 1913 2366; x_wconf 89' lang='lat' dir='ltr'><strong>quam</strong></span> <span class='ocrx_word' id='word_1_197' title='bbox 1936 2292 2152 2352; x_wconf 84' lang='lat' dir='ltr'><strong>classis</strong></span> 
     </span>
     <span class='ocr_line' id='line_1_26' title="bbox 197 2373 2155 2449; baseline 0 -13"><span class='ocrx_word' id='word_1_198' title='bbox 197 2376 488 2437; x_wconf 89' lang='lat' dir='ltr'><strong>Eumenis</strong></span> <span class='ocrx_word' id='word_1_199' title='bbox 518 2384 577 2437; x_wconf 88' lang='lat' dir='ltr'><strong>et</strong></span> <span class='ocrx_word' id='word_1_200' title='bbox 602 2375 881 2437; x_wconf 88' lang='lat' dir='ltr'><strong>Rhodiae</strong></span> <span class='ocrx_word' id='word_1_201' title='bbox 920 2391 1112 2436; x_wconf 87' lang='lat' dir='ltr'><strong>naves</strong></span> <span class='ocrx_word' id='word_1_202' title='bbox 1156 2373 1667 2449; x_wconf 79' lang='lat' dir='ltr'><strong>coniungerentur</strong></span> <span class='ocrx_word' id='word_1_203' title='bbox 1705 2373 2012 2434; x_wconf 87' lang='lat' dir='ltr'><strong>Romanis.</strong></span> <span class='ocrx_word' id='word_1_204' title='bbox 2076 2380 2155 2436; x_wconf 78' lang='lat' dir='ltr'><strong>ita</strong></span> 
     </span>
     <span class='ocr_line' id='line_1_27' title="bbox 182 2459 2152 2539; baseline 0 -19"><span class='ocrx_word' id='word_1_205' title='bbox 182 2476 453 2539; x_wconf 22' lang='lat' dir='ltr'><strong>’numero</strong></span> <span class='ocrx_word' id='word_1_206' title='bbox 495 2477 618 2520; x_wconf 91' lang='lat' dir='ltr'><strong>non</strong></span> <span class='ocrx_word' id='word_1_207' title='bbox 667 2460 857 2520; x_wconf 86' lang='lat' dir='ltr'><strong>ferme</strong></span> <span class='ocrx_word' id='word_1_208' title='bbox 896 2459 1164 2534; x_wconf 89' lang='lat' dir='ltr'><strong>impares</strong></span> <span class='ocrx_word' id='word_1_209' title='bbox 1206 2461 1445 2519; x_wconf 85' lang='lat' dir='ltr'><strong>futuros</strong></span> <span class='ocrx_word' id='word_1_210' title='bbox 1474 2474 1573 2532; x_wconf 89' lang='lat' dir='ltr'><strong>se,</strong></span> <span class='ocrx_word' id='word_1_211' title='bbox 1617 2460 1838 2519; x_wconf 89' lang='lat' dir='ltr'><strong>ceteris</strong></span> <span class='ocrx_word' id='word_1_212' title='bbox 1872 2462 2152 2520; x_wconf 81' lang='lat' dir='ltr'><strong>omnibus</strong></span> 
     </span>
     <span class='ocr_line' id='line_1_28' title="bbox 198 2542 2150 2620; baseline -0.003 -15"><span class='ocrx_word' id='word_1_213' title='bbox 198 2545 583 2620; x_wconf 88' lang='lat' dir='ltr'><strong>superiores,</strong></span> <span class='ocrx_word' id='word_1_214' title='bbox 628 2551 689 2604; x_wconf 86' lang='lat' dir='ltr'><strong>et</strong></span> <span class='ocrx_word' id='word_1_215' title='bbox 727 2545 1035 2603; x_wconf 88' lang='lat' dir='ltr'><strong>celeritate</strong></span> <span class='ocrx_word' id='word_1_216' title='bbox 1075 2543 1321 2602; x_wconf 77' lang='lat' dir='ltr'><strong>navium</strong></span> <span class='ocrx_word' id='word_1_217' title='bbox 1363 2548 1423 2602; x_wconf 90' lang='lat' dir='ltr'><strong>et</strong></span> <span class='ocrx_word' id='word_1_218' title='bbox 1452 2542 1740 2603; x_wconf 85' lang='lat' dir='ltr'><strong>varietate</strong></span> <span class='ocrx_word' id='word_1_219' title='bbox 1770 2544 2150 2604; x_wconf 85' lang='lat' dir='ltr'><strong>auxiliorum.</strong></span> 
     </span>
     <span class='ocr_line' id='line_1_29' title="bbox 195 2626 2150 2702; baseline -0.001 -14"><span class='ocrx_word' id='word_1_220' title='bbox 195 2645 338 2688; x_wconf 90' lang='lat' dir='ltr'><strong>nam</strong></span> <span class='ocrx_word' id='word_1_221' title='bbox 364 2628 676 2689; x_wconf 88' lang='lat' dir='ltr'><strong>Romanas</strong></span> <span class='ocrx_word' id='word_1_222' title='bbox 715 2643 907 2688; x_wconf 88' lang='lat' dir='ltr'><strong>naves</strong></span> <span class='ocrx_word' id='word_1_223' title='bbox 951 2642 1088 2687; x_wconf 91' lang='lat' dir='ltr'><strong>cum</strong></span> <span class='ocrx_word' id='word_1_224' title='bbox 1127 2626 1301 2702; x_wconf 88' lang='lat' dir='ltr'><strong>ipsas</strong></span> <span class='ocrx_word' id='word_1_225' title='bbox 1341 2627 1558 2689; x_wconf 82' lang='lat' dir='ltr'><strong>inscite</strong></span> <span class='ocrx_word' id='word_1_226' title='bbox 1589 2627 1781 2688; x_wconf 81' lang='lat' dir='ltr'><strong>factas</strong></span> <span class='ocrx_word' id='word_1_227' title='bbox 1811 2628 2150 2688; x_wconf 83' lang='lat' dir='ltr'><strong>immobiles</strong></span> 
     </span>
     <span class='ocr_line' id='line_1_30' title="bbox 199 2705 2150 2786; baseline -0.001 -15"><span class='ocrx_word' id='word_1_228' title='bbox 199 2705 373 2786; x_wconf 82' lang='lat' dir='ltr'><strong>esse‚&#39;</strong></span> <span class='ocrx_word' id='word_1_229' title='bbox 390 2718 519 2772; x_wconf 90' lang='lat' dir='ltr'><strong>tum</strong></span> <span class='ocrx_word' id='word_1_230' title='bbox 549 2712 756 2783; x_wconf 88' lang='lat' dir='ltr'><strong>etiam,</strong></span> <span class='ocrx_word' id='word_1_231' title='bbox 795 2717 863 2770; x_wconf 91' lang='lat' dir='ltr'><strong>ut</strong></span> <span class='ocrx_word' id='word_1_232' title='bbox 891 2725 1051 2786; x_wconf 89' lang='lat' dir='ltr'><strong>quae</strong></span> <span class='ocrx_word' id='word_1_233' title='bbox 1079 2711 1140 2769; x_wconf 91' lang='lat' dir='ltr'><strong>in</strong></span> <span class='ocrx_word' id='word_1_234' title='bbox 1169 2717 1391 2770; x_wconf 87' lang='lat' dir='ltr'><strong>terram</strong></span> <span class='ocrx_word' id='word_1_235' title='bbox 1418 2710 1683 2772; x_wconf 85' lang='lat' dir='ltr'><strong>hostium</strong></span> <span class='ocrx_word' id='word_1_236' title='bbox 1711 2711 1975 2784; x_wconf 85' lang='lat' dir='ltr'><strong>veniant,</strong></span> <span class='ocrx_word' id='word_1_237' title='bbox 2008 2730 2150 2770; x_wconf 85' lang='lat' dir='ltr'><strong>one-</strong></span> 
     </span>
     <span class='ocr_line' id='line_1_31' title="bbox 195 2794 2152 2869; baseline 0.001 -14"><span class='ocrx_word' id='word_1_238' title='bbox 195 2804 362 2856; x_wconf 87' lang='lat' dir='ltr'><strong>ratas</strong></span> <span class='ocrx_word' id='word_1_239' title='bbox 404 2801 745 2857; x_wconf 85' lang='lat' dir='ltr'><strong>commeatu</strong></span> <span class='ocrx_word' id='word_1_240' title='bbox 785 2794 1023 2854; x_wconf 79' lang='lat' dir='ltr'><strong>venire:</strong></span> <span class='ocrx_word' id='word_1_241' title='bbox 1073 2810 1220 2855; x_wconf 89' lang='lat' dir='ltr'><strong>suas</strong></span> <span class='ocrx_word' id='word_1_242' title='bbox 1266 2801 1493 2867; x_wconf 86' lang='lat' dir='ltr'><strong>autem,</strong></span> <span class='ocrx_word' id='word_1_243' title='bbox 1545 2802 1614 2856; x_wconf 89' lang='lat' dir='ltr'><strong>ut</strong></span> <span class='ocrx_word' id='word_1_244' title='bbox 1654 2801 1877 2869; x_wconf 88' lang='lat' dir='ltr'><strong>pacata</strong></span> <span class='ocrx_word' id='word_1_245' title='bbox 1952 2798 2152 2856; x_wconf 81' lang='lat' dir='ltr'><strong>omnia</strong></span> 
     </span>
     <span class='ocr_line' id='line_1_32' title="bbox 197 2878 2149 2955; baseline -0.001 -15"><span class='ocrx_word' id='word_1_246' title='bbox 197 2881 362 2940; x_wconf 87' lang='lat' dir='ltr'><strong>circa</strong></span> <span class='ocrx_word' id='word_1_247' title='bbox 403 2894 474 2938; x_wconf 86' lang='lat' dir='ltr'><strong>sc</strong></span> <span class='ocrx_word' id='word_1_248' title='bbox 515 2879 945 2954; x_wconf 81' lang='lat' dir='ltr'><strong>relinquentiS‚</strong></span> <span class='ocrx_word' id='word_1_249' title='bbox 997 2878 1142 2938; x_wconf 91' lang='lat' dir='ltr'><strong>nihil</strong></span> <span class='ocrx_word' id='word_1_250' title='bbox 1191 2886 1433 2954; x_wconf 88' lang='lat' dir='ltr'><strong>praeter</strong></span> <span class='ocrx_word' id='word_1_251' title='bbox 1470 2880 1719 2940; x_wconf 89' lang='lat' dir='ltr'><strong>militem</strong></span> <span class='ocrx_word' id='word_1_252' title='bbox 1759 2886 1944 2955; x_wconf 90' lang='lat' dir='ltr'><strong>atque</strong></span> <span class='ocrx_word' id='word_1_253' title='bbox 1986 2898 2149 2940; x_wconf 79' lang='lat' dir='ltr'><strong>arma</strong></span> 
     </span>
     <span class='ocr_line' id='line_1_33' title="bbox 196 2962 2146 3024; baseline -0.002 -1"><span class='ocrx_word' id='word_1_254' title='bbox 196 2963 529 3024; x_wconf 67' lang='lat' dir='ltr'><strong>habituras</strong></span> <span class='ocrx_word' id='word_1_255' title='bbox 585 2963 849 3022; x_wconf 82' lang='lat' dir='ltr'><strong>multum‘</strong></span> <span class='ocrx_word' id='word_1_256' title='bbox 868 2962 1045 3021; x_wconf 89' lang='lat' dir='ltr'><strong>etiam</strong></span> <span class='ocrx_word' id='word_1_257' title='bbox 1078 2962 1417 3023; x_wconf 88' lang='lat' dir='ltr'><strong>adiuturam</strong></span> <span class='ocrx_word' id='word_1_258' title='bbox 1447 2965 1718 3024; x_wconf 88' lang='lat' dir='ltr'><strong>notitiam</strong></span> <span class='ocrx_word' id='word_1_259' title='bbox 1746 2965 1930 3024; x_wconf 86' lang='lat' dir='ltr'><strong>maris</strong></span> <span class='ocrx_word' id='word_1_260' title='bbox 1960 2972 2146 3022; x_wconf 75' lang='lat' dir='ltr'><strong>terra-</strong></span> 
     </span>
     <span class='ocr_line' id='line_1_34' title="bbox 192 3044 2148 3121; baseline -0.002 -15"><span class='ocrx_word' id='word_1_261' title='bbox 192 3061 456 3121; x_wconf 87' lang='lat' dir='ltr'><strong>rumque</strong></span> <span class='ocrx_word' id='word_1_262' title='bbox 497 3053 556 3106; x_wconf 92' lang='lat' dir='ltr'><strong>et</strong></span> <span class='ocrx_word' id='word_1_263' title='bbox 594 3044 942 3115; x_wconf 65' lang='lat' dir='ltr'><strong>ventor&#39;um3</strong></span> <span class='ocrx_word' id='word_1_264' title='bbox 989 3060 1148 3119; x_wconf 90' lang='lat' dir='ltr'><strong>quae</strong></span> <span class='ocrx_word' id='word_1_265' title='bbox 1191 3047 1396 3107; x_wconf 91' lang='lat' dir='ltr'><strong>omnia</strong></span> <span class='ocrx_word' id='word_1_266' title='bbox 1422 3047 1670 3119; x_wconf 83' lang='lat' dir='ltr'><strong>ignaros</strong></span> <span class='ocrx_word' id='word_1_267' title='bbox 1698 3047 2012 3105; x_wconf 86' lang='lat' dir='ltr'><strong>turbatura</strong></span> <span class='ocrx_word' id='word_1_268' title='bbox 2043 3048 2148 3102; x_wconf 80' lang='lat' dir='ltr'><strong>ho-</strong></span> 
     </span>
     <span class='ocr_line' id='line_1_35' title="bbox 194 3128 2148 3203; baseline -0.004 -11"><span class='ocrx_word' id='word_1_269' title='bbox 194 3131 307 3192; x_wconf 89' lang='lat' dir='ltr'><strong>stis</strong></span> <span class='ocrx_word' id='word_1_270' title='bbox 338 3128 564 3191; x_wconf 84' lang='lat' dir='ltr'><strong>essent.</strong></span> <span class='ocrx_word' id='word_1_271' title='bbox 631 3129 819 3190; x_wconf 93' lang='lat' dir='ltr'><strong>movit</strong></span> <span class='ocrx_word' id='word_1_272' title='bbox 847 3129 1044 3189; x_wconf 90' lang='lat' dir='ltr'><strong>omnis</strong></span> <span class='ocrx_word' id='word_1_273' title='bbox 1075 3136 1290 3189; x_wconf 90' lang='lat' dir='ltr'><strong>auctor</strong></span> <span class='ocrx_word' id='word_1_274' title='bbox 1318 3129 1583 3202; x_wconf 89' lang='lat' dir='ltr'><strong>consilii,</strong></span> <span class='ocrx_word' id='word_1_275' title='bbox 1630 3128 1735 3203; x_wconf 91' lang='lat' dir='ltr'><strong>qui</strong></span> <span class='ocrx_word' id='word_1_276' title='bbox 1764 3135 1824 3186; x_wconf 94' lang='lat' dir='ltr'><strong>et</strong></span> <span class='ocrx_word' id='word_1_277' title='bbox 1851 3144 1919 3187; x_wconf 91' lang='lat' dir='ltr'><strong>re</strong></span> <span class='ocrx_word' id='word_1_278' title='bbox 1950 3132 2148 3186; x_wconf 79' lang='lat' dir='ltr'><strong>consi-</strong></span> 
     </span>
     <span class='ocr_line' id='line_1_36' title="bbox 193 3210 2148 3286; baseline -0.002 -12"><span class='ocrx_word' id='word_1_279' title='bbox 193 3216 339 3274; x_wconf 85' lang='lat' dir='ltr'><strong>lium</strong></span> <span class='ocrx_word' id='word_1_280' title='bbox 369 3221 772 3274; x_wconf 88' lang='lat' dir='ltr'><strong>exsecuturus</strong></span> <span class='ocrx_word' id='word_1_281' title='bbox 802 3219 950 3272; x_wconf 84' lang='lat' dir='ltr'><strong>erat.</strong></span> <span class='ocrx_word' id='word_1_282' title='bbox 1005 3211 1256 3271; x_wconf 88' lang='lat' dir='ltr'><strong>biduum</strong></span> <span class='ocrx_word' id='word_1_283' title='bbox 1287 3212 1347 3269; x_wconf 92' lang='lat' dir='ltr'><strong>in</strong></span> <span class='ocrx_word' id='word_1_284' title='bbox 1380 3217 1680 3286; x_wconf 87' lang='lat' dir='ltr'><strong>apparatu</strong></span> <span class='ocrx_word' id='word_1_285' title='bbox 1707 3210 1940 3284; x_wconf 83' lang='lat' dir='ltr'><strong>morati,</strong></span> <span class='ocrx_word' id='word_1_286' title='bbox 1974 3214 2148 3270; x_wconf 78' lang='lat' dir='ltr'><strong>tertio</strong></span> 
     </span>
     <span class='ocr_line' id='line_1_37' title="bbox 193 3296 2148 3371; baseline -0.003 -13"><span class='ocrx_word' id='word_1_287' title='bbox 193 3299 294 3358; x_wconf 90' lang='lat' dir='ltr'><strong>die</strong></span> <span class='ocrx_word' id='word_1_288' title='bbox 324 3305 565 3357; x_wconf 88' lang='lat' dir='ltr'><strong>centum</strong></span> <span class='ocrx_word' id='word_1_289' title='bbox 604 3297 893 3371; x_wconf 89' lang='lat' dir='ltr'><strong>navibus,</strong></span> <span class='ocrx_word' id='word_1_290' title='bbox 939 3311 1192 3371; x_wconf 87' lang='lat' dir='ltr'><strong>quarum</strong></span> <span class='ocrx_word' id='word_1_291' title='bbox 1225 3296 1615 3369; x_wconf 83' lang='lat' dir='ltr'><strong>septuaginta</strong></span> <span class='ocrx_word' id='word_1_292' title='bbox 1643 3302 1868 3366; x_wconf 88' lang='lat' dir='ltr'><strong>tectae,</strong></span> <span class='ocrx_word' id='word_1_293' title='bbox 1913 3304 2148 3352; x_wconf 79' lang='lat' dir='ltr'><strong>ceterae</strong></span> 
     </span>
     <span class='ocr_line' id='line_1_38' title="bbox 192 3377 2144 3456; baseline -0.003 -15"><span class='ocrx_word' id='word_1_294' title='bbox 192 3386 471 3456; x_wconf 86' lang='lat' dir='ltr'><strong>apertae,</strong></span> <span class='ocrx_word' id='word_1_295' title='bbox 509 3381 760 3440; x_wconf 89' lang='lat' dir='ltr'><strong>minoris</strong></span> <span class='ocrx_word' id='word_1_296' title='bbox 791 3395 1007 3440; x_wconf 89' lang='lat' dir='ltr'><strong>omnes</strong></span> <span class='ocrx_word' id='word_1_297' title='bbox 1035 3381 1268 3440; x_wconf 87' lang='lat' dir='ltr'><strong>formae</strong></span> <span class='ocrx_word' id='word_1_298' title='bbox 1298 3385 1485 3452; x_wconf 86' lang='lat' dir='ltr'><strong>erant,</strong></span> <span class='ocrx_word' id='word_1_299' title='bbox 1521 3377 1781 3453; x_wconf 81' lang='lat' dir='ltr'><strong>profecti</strong></span> <span class='ocrx_word' id='word_1_300' title='bbox 1807 3377 2144 3436; x_wconf 72' lang='lat' dir='ltr'><strong>Phocaeam</strong></span> 
     </span>
     <span class='ocr_line' id='line_1_39' title="bbox 195 3461 2148 3539; baseline -0.002 -16"><span class='ocrx_word' id='word_1_301' title='bbox 195 3466 514 3539; x_wconf 81' lang='lat' dir='ltr'><strong>petierunt.</strong></span> <span class='ocrx_word' id='word_1_302' title='bbox 541 3465 684 3523; x_wconf 89' lang='lat' dir='ltr'><strong>inde</strong></span> <span class='ocrx_word' id='word_1_303' title='bbox 708 3480 844 3524; x_wconf 92' lang='lat' dir='ltr'><strong>cum</strong></span> <span class='ocrx_word' id='word_1_304' title='bbox 870 3463 1144 3525; x_wconf 86' lang='lat' dir='ltr'><strong>audisset</strong></span> <span class='ocrx_word' id='word_1_305' title='bbox 1157 3462 1656 3538; x_wconf 86' lang='lat' dir='ltr'><strong>appropinquare</strong></span> <span class='ocrx_word' id='word_1_306' title='bbox 1680 3463 1796 3520; x_wconf 91' lang='lat' dir='ltr'><strong>iam</strong></span> <span class='ocrx_word' id='word_1_307' title='bbox 1813 3461 2148 3520; x_wconf 69' lang='lat' dir='ltr'><strong>Romanam</strong></span> 
     </span>
     <span class='ocr_line' id='line_1_40' title="bbox 273 3549 1740 3607; baseline 0 -1"><span class='ocrx_word' id='word_1_308' title='bbox 273 3566 325 3606; x_wconf 83' lang='grc' dir='ltr'><strong>τ.</strong></span> <span class='ocrx_word' id='word_1_309' title='bbox 373 3562 496 3604; x_wconf 81' lang='lat' dir='ltr'>L1V1</span> <span class='ocrx_word' id='word_1_310' title='bbox 539 3563 691 3606; x_wconf 64' lang='lat' dir='ltr'><strong>mas</strong></span> <span class='ocrx_word' id='word_1_311' title='bbox 733 3549 842 3605; x_wconf 86' lang='lat' dir='ltr'><strong>IV.</strong></span> <span class='ocrx_word' id='word_1_312' title='bbox 1677 3553 1740 3607; x_wconf 78' lang='lat'><strong>17</strong></span> 
     </span>
    </p>
   </div>
  </div>
 </body>
</html>
