2548 3950
1997 0 2016 3 ·
2031 0 2034 2 ’
2057 0 2134 26 ‘2‘
2142 0 2241 28 Γ*
2247 2 2281 28 e·

443 223 570 289 272
702 225 925 285 [ABER
954 222 1247 283 xxxvii.
1296 220 1695 281 CAP.12.13.
1740 220 1814 297 [a.
1842 223 2135 291 uam]
2176 306 2183 309 ,

437 377 538 435 die
561 372 866 450 Corycum
885 370 1165 432 Teiorum
1197 370 1678 445 promunturium
1707 376 2052 431 tenuerunt.
2097 371 2247 430 inde
2269 387 2392 431 cum

435 460 496 517 in
527 456 809 533 proxima
841 453 1084 515 Samiae
1117 454 1344 514 vellent
1369 452 1658 525 traicere,
1700 468 1825 513 non
1858 461 2229 528 exspectato
2258 458 2393 515 solis

437 550 591 615 ortu,
623 556 702 600 ex
732 556 856 614 quo
888 545 1107 601 statum
1137 536 1291 597 caeli
1320 544 1534 596 notare
1561 536 2007 610 gubernatores
2028 546 2318 613 possent,
2344 540 2391 597 in

434 627 728 687 incertam
755 629 1178 698 tempestatem
1205 620 1521 681 miserunt.
1564 620 1769 680 medio
1792 620 1853 680 in
1878 637 2085 695 cursu,
2118 622 2391 696 aquilone

433 710 496 769 in
526 709 1003 783 septentrionem
1027 720 1243 776 verso,
1288 709 1659 777 exasperato
1689 702 1979 765 fluctibus
2008 706 2169 763 mari
2201 707 2391 765 iactari

357 790 364 799 ’
434 798 791 866 coeperunt.
835 788 989 849 XIII.
1034 787 1451 866 Polyxenidas
1484 787 1733 847 Samum
1761 788 2067 861 petituros
2096 796 2273 850 ratus
2298 790 2389 849 ho-

435 878 579 949 stis,
617 881 684 935 ut
719 890 790 933 se
817 872 1098 935 Rhodiae
1137 872 1327 932 classi
1356 872 1823 945 coniungerent,
1866 871 1947 930 ab
1974 871 2241 947 Epheso
2268 890 2389 949 pro-

327 986 334 993 ·
435 963 632 1021 fectus
664 958 860 1033 primo
891 959 969 1018 ad
992 955 1405 1034 Myonnesum
1432 956 1629 1022 stetit;
1674 954 1819 1016 inde
1850 955 1929 1014 ad
1951 956 2197 1015 Macrin
2228 974 2389 1033 quam

437 1050 662 1105 vocant
689 1043 950 1103 insulam
979 1039 1230 1113 traiecit,
1261 1044 1330 1097 ut
1356 1037 1879 1115 praetervehentis
1909 1039 2139 1101 classis
2172 1040 2231 1101 si
2256 1057 2390 1115 quas

435 1125 774 1187 aberrantis
815 1140 894 1185 ex
915 1124 1154 1200 agmine
1176 1137 1367 1182 naves
1390 1130 1623 1197 posset,
1656 1129 1761 1182 aut
1778 1129 2163 1198 postremum
2190 1140 2389 1199 agmen

435 1218 784 1286 opportune
813 1207 1172 1269 adoriretur.
1205 1214 1537 1281 postquam
1558 1222 1842 1282 sparsam
1860 1212 2237 1282 tempestate
2254 1210 2387 1268 clas·
2468 1274 2470 1285 Ι

437 1308 566 1355 sem
597 1292 788 1364 vidit,
843 1290 1232 1352 occasionem
1278 1290 1473 1365 primo
1514 1290 1916 1365 adgrediendi
1956 1298 2167 1366 ratuS,
2228 1295 2387 1367 paulo
2468 1326 2470 1331 -

433 1386 580 1455 post
607 1376 1068 1437 increbescente
1098 1379 1281 1434 vento
1312 1381 1375 1434 et
1401 1374 1667 1435 maiores
1692 1375 1817 1435 iam
1846 1375 2137 1435 volvente
2157 1374 2387 1447 fluctus

435 1463 580 1537 quia
610 1461 930 1535 pervenire
962 1476 1033 1519 se
1061 1459 1142 1519 ad
1165 1472 1278 1519 eos
1300 1458 1549 1519 videbat
1570 1474 1693 1518 non
1718 1473 1927 1534 posse,
1958 1459 2041 1518 ad
2060 1458 2387 1519 Aethaliam

434 1546 692 1605 insulam
733 1545 992 1616 traiecit,
1037 1550 1104 1603 ut
1142 1543 1286 1603 inde
1324 1549 1577 1617 postero
1618 1542 1719 1602 die
1750 1540 2003 1603 Samum
2030 1558 2118 1603 ex
2144 1544 2275 1605 alto
2300 1560 2387 1619 pe-

431 1630 612 1689 tentis
645 1629 819 1688 navis
862 1628 1318 1701 adgrederetur.
1383 1626 1673 1699 Romani,
1714 1641 1860 1701 pars
1892 1626 2151 1702 exigua,
2200 1628 2385 1702 primis

431 1712 704 1771 tenebris
746 1718 986 1785 portum
1033 1711 1345 1773 desertum
1377 1709 1619 1771 Samiae
1647 1717 2005 1785 tenuerunt,
2048 1712 2277 1772 classis
2306 1727 2382 1771 ce·

433 1803 562 1855 tera
603 1801 842 1855 noctem
884 1801 1072 1853 totam
1113 1794 1174 1852 in
1216 1796 1337 1857 alto
1382 1796 1603 1855 iactata
1632 1794 1695 1855 in
1725 1796 1991 1855 eundem
2020 1801 2269 1869 portum
2298 1796 2383 1855 de-

433 1880 638 1939 currit.
681 1876 765 1938 ibi
795 1894 873 1937 ex
907 1877 1251 1951 agrestibus
1284 1877 1529 1954 cognito
1558 1878 1826 1939 hostium
1855 1894 2051 1939 naves
2074 1879 2160 1939 ad
2179 1880 2379 1939 Aetha-

434 1964 572 2024 liam
603 1970 797 2038 stare,
843 1961 1167 2025 consilium
1194 1961 1494 2034 habitum,
1536 1970 1737 2024 utrum
1765 1963 2079 2038 extemplo
2110 1964 2379 2024 decerne·

431 2055 583 2120 rent,
634 2063 710 2107 an
740 2046 1046 2108 Rhodiam
1075 2054 1511 2121 exspectarent
1536 2049 1821 2108 classem.
1894 2048 2085 2108 dilata
2114 2064 2186 2108 re
2211 2081 2295 2094 —-
2318 2049 2381 2106 ita

434 2133 592 2191 enim
624 2130 1481 2208 placuit—Corycumunde
1510 2139 1823 2204 venerant,
1852 2132 2245 2192 traiecerunt.
2286 2131 2377 2190 Po·

354 2233 382 2242 ‘
433 2215 758 2294 lyxenidas
789 2229 1069 2290 quoque,
1103 2230 1241 2274 cum
1271 2215 1496 2275 frustra
1524 2214 1825 2288 stetisset,
1854 2214 2175 2290 Ephesum
2204 2216 2377 2276 rediit

433 2308 555 2359 tum
577 2301 892 2360 Romanae
919 2313 1114 2358 naves
1143 2310 1339 2358 vacuo
1366 2299 1444 2359 ab
1468 2298 1749 2360 hostibus
1770 2300 1925 2359 mari
1946 2297 2201 2360 Samum
2225 2301 2376 2360 traie-

431 2391 661 2442 cerunt.
725 2383 946 2444 eodem
987 2389 1046 2441 et
1071 2381 1317 2443 Rhodia
1358 2382 1575 2442 classis
1608 2390 1753 2458 post
1781 2383 1917 2444 dies
1946 2399 2187 2458 paucos
2217 2383 2377 2444 venit.

433 2482 614 2541 quam
657 2473 724 2527 ut
763 2472 1180 2541 exspectatam
1221 2480 1365 2526 esse
1394 2474 1750 2542 appareret,
1797 2467 2059 2542 profecti
2088 2469 2377 2542 extemplo

433 2556 575 2611 sunt
599 2549 948 2624 Ephesum,
995 2555 1057 2608 ut
1099 2556 1203 2610 aut
1231 2550 1633 2611 decernerent
1659 2552 1862 2610 navali
1892 2551 2258 2626 certamine,
2297 2559 2379 2610 aut

429 2635 482 2694 si
514 2633 880 2694 detractaret
906 2633 1102 2694 hostis
1130 2649 1419 2708 pugnam,
1452 2635 1621 2710 quod
1651 2635 1976 2710 plurimum
2007 2635 2299 2696 intererat
2316 2633 2377 2694 ad

429 2715 667 2774 animos
727 2716 1086 2789 civitatium,
1157 2718 1391 2778 timoris
1450 2717 1906 2779 confessionem
1966 2719 2375 2794 exprimerent.

429 2805 642 2858 contra
672 2799 884 2858 fauces
911 2806 1127 2873 portus
1157 2799 1453 2862 instructa
1479 2803 1541 2863 in
1568 2803 1826 2863 frontem
1848 2801 2097 2862 navium
2123 2804 2257 2862 acie
2276 2809 2375 2861 ste-

427 2890 576 2944 tere.
623 2889 952 2957 postquam
982 2899 1162 2944 nemo
1193 2886 1492 2946 adversus
1521 2886 1664 2959 ibat,
1696 2886 1898 2946 classe
1928 2885 2133 2946 divisa
2162 2902 2305 2961 pars
2328 2885 2375 2944 in

427 2969 561 3029 salo
594 2967 674 3028 ad
703 2966 927 3028 ostium
956 2973 1173 3043 portus
1203 2968 1263 3030 in
1294 2969 1539 3030 ancoris
1568 2970 1750 3044 stetit,
1778 2984 1927 3045 pars
1958 2971 2020 3028 in
2040 2976 2267 3030 terram
2288 2969 2375 3028 mi·

427 3052 562 3112 lites
607 3049 916 3128 exposuit.
982 3053 1042 3112 in
1083 3066 1194 3113 eos
1236 3052 1356 3114 iam
1394 3051 1700 3130 ingentem
1730 3051 2027 3128 praedam
2055 3055 2179 3114 late
2206 3053 2373 3128 depo·
2465 3059 2466 3062 ’

425 3138 634 3210 pusato
667 3151 818 3210 agro
847 3137 1086 3210 agentis
1114 3136 1511 3198 Andronicus
1538 3137 1817 3211 Macedo,
1855 3137 1960 3212 qui
1987 3137 2051 3196 in
2080 3137 2373 3212 praesidio

421 3220 654 3294 Ephesi
695 3225 856 3292 erat,
899 3221 1021 3280 iam
1061 3221 1387 3281 moenibus
1426 3221 1981 3296 appropinquantis
2012 3221 2373 3295 eruptionem

425 3303 598 3374 fecit,
641 3310 994 3377 exutosque
1035 3319 1256 3377 magna
1287 3311 1461 3376 parte
1489 3305 1760 3378 praedae
1790 3304 1869 3364 ad
1899 3319 2069 3364 mare
2096 3319 2173 3364 ac
2202 3318 2373 3364 naves

428 3385 679 3456 redegit.
730 3391 984 3458 postero
1015 3385 1116 3445 die
1149 3384 1393 3445 insidiis
1422 3386 1627 3448 medio
1657 3389 1847 3448 ferme
1874 3389 2013 3448 viae
2043 3389 2278 3462 positis,
2306 3385 2372 3444 ad

429 3465 792 3530 eliciendum
835 3474 1008 3525 extra
1049 3469 1293 3528 moenia
1320 3468 1723 3532 Macedonem
1752 3471 2009 3532 Romani
2054 3471 2131 3530 ad
2177 3471 2369 3530 urbem
