2548 3950
492 197 719 257 LIBER
746 196 1066 256 XXXVIII.
1114 197 1280 256 CAP.
1311 205 1394 258 13.
1423 207 1506 258 14.
1552 203 1622 270 [a.
1649 201 1716 262 c,
1740 204 1864 270 189]
2047 195 2172 260 329

208 349 612 410 auxiliaribus
643 358 777 409 orta
806 355 928 423 est,
962 350 1128 423 quod
1159 350 1438 410 Romano
1466 358 1698 411 tantum
1725 351 1894 412 militi
1924 357 2170 426 pactum

206 430 582 493 Antiochum
625 441 692 493 ut
728 433 975 494 daretur
1003 434 1370 500 frumentum
1398 431 1694 494 Seleucus
1721 434 1986 494 dicebat.
2043 435 2170 495 dis-

208 531 401 578 cussa
452 531 526 576 ea
567 529 816 592 quoque
855 524 953 578 est
1000 517 1349 578 constantia
1402 516 1705 594 consulis,
1757 517 1863 593 qui
1914 518 2170 580 dimisso

206 599 454 662 tribuno
486 600 703 672 edixit,
748 614 826 659 ne
853 600 1110 661 Romani
1139 600 1360 662 milites
1389 601 1768 677 acciperent,
1810 601 2171 677 priusquam

203 683 395 744 Attali
424 684 651 744 auxilia
678 684 1083 759 accepissent.
1128 685 1271 744 inde
1301 685 1382 744 ad
1405 683 1834 746 Gordiutichos
1863 687 2033 760 quod
2060 701 2171 745 vo·

204 775 351 828 cant
389 775 756 842 processum
796 774 909 828 est.
971 783 1053 828 ex
1094 783 1172 828 eo
1210 769 1352 829 loco
1393 769 1474 829 ad
1501 769 1701 830 Tabas
1732 769 1922 830 tertiis
1952 769 2172 830 castris

208 859 587 926 perventum.
652 851 711 911 in
754 851 979 912 finibus
1014 851 1357 912 Pisidarum
1396 853 1598 927 posita
1636 853 1785 914 urbs
1828 857 1950 926 est,
1992 852 2054 912 in
2098 868 2174 913 ea

205 941 385 1009 parte
423 949 586 1010 quae
628 935 820 1010 vergit
844 936 927 996 ad
952 935 1380 1013 Pamphylium
1405 951 1594 996 mare.
1657 935 1909 1010 integ-ris
1939 934 2172 997 viribus

202 1017 485 1092 regionis
514 1019 679 1093 eius,
722 1021 963 1080 feroces
1007 1020 1087 1080 ad
1124 1019 1478 1081 bellandum
1507 1019 1774 1080 habebat
1794 1020 1986 1079 viros.
2045 1025 2173 1080 tum

206 1117 460 1176 quoque
484 1099 728 1176 equites
757 1103 818 1162 in
844 1117 1065 1178 agmen
1094 1103 1436 1165 Romanum
1463 1105 1787 1179 eruptione
1817 1105 1979 1164 facta
2003 1102 2172 1164 haud
2274 1177 2278 1181 ,

202 1185 453 1246 modice
484 1186 691 1258 -primo
734 1189 963 1261 impetu
982 1188 1349 1248 :tm-baverm
1393 1188 1618 1248 deinde
1641 1187 2028 1263 ’ut-apparuit
2053 1201 2172 1246 nec

203 1279 465 1329 numero
504 1281 589 1328 se
625 1285 741 1330 nec
778 1271 1009 1331 virtute
1050 1285 1233 1346 pmes
1274 1285 1448 1344 esse,
1501 1272 1562 1330 in
1603 1272 1819 1331 urbem
1867 1269 2169 1368 compulsi

200 1353 451 1412 veniam
486 1354 711 1412 erroris
742 1354 1063 1428 petebant,
1107 1353 1337 1413 dedere
1373 1354 1588 1412 urbem
1614 1354 1830 1428 par-ati.
1894 1353 2173 1428 quinque

204 1444 271 1497 et
302 1437 513 1511 viginti
538 1438 766 1496 talenta
794 1437 1045 1512 argenti,
1076 1443 1140 1497 ct
1162 1437 1380 1497 decem
1404 1436 1574 1496 milia
1596 1435 1971 1496 medimnum
1985 1435 2170 1496 rtritici

204 1520 524 1594 imperata
556 1520 696 1581 ita
679 1537 761 1579 m
754 1521 1142 1580 deditionem
1172 1521 1432 1594 accepti.

376 1602 535 1662 xlv.
576 1604 779 1663 Tettio
806 1603 961 1664 inde
998 1604 1101 1664 die
1128 1605 1207 1664 ad
1232 1604 1458 1664 Casum
1497 1615 1738 1663 amnem
1767 1609 2170 1679 perventum3

204 1686 354 1746 inde
384 1687 657 1760 »promoti
683 1687 923 1748 Erizam
963 1687 1175 1749 urbem
1217 1689 1414 1764 primo
1457 1687 1686 1762 impetu
1729 1697 2041 1762 ceperunt.
2090 1687 2172 1746 ad

204 1769 559 1831 'lhabusien
600 1773 916 1832 castellum
956 1772 1276 1833 imminens
1319 1771 1554 1832 flumini
1579 1771 1733 1833 Indo
1775 1777 2021 1832 ventum
2056 1779 2168 1844 est,

206 1853 307 1914 oui
335 1854 567 1914 fecerat
592 1871 813 1916 nomen
836 1857 1023 1917 Indus
1048 1857 1126 1916 ab
1150 1856 1475 1931 elephanto
1501 1855 1794 1916 deiectus.
1835 1854 2001 1914 haud
2023 1869 2164 1928 pro-

206 1944 305 1999 cul
335 1953 373 1998 a
404 1937 625 2019 Cibyra
654 1940 933 2014 aberant,
975 1955 1091 2001 nec
1121 1941 1345 2016 legatio
1375 1940 1498 2000 ulla
1527 1953 1566 1998 a
1589 1937 1875 2014 Moagete
1901 1945 2168 2015 tyranno

214 2022 469 2083 tivitatis
512 2024 682 2097 eius,
723 2024 969 2083 homine
1008 2025 1089 2084 ad
1130 2024 1334 2085 omnia
1361 2022 1552 2083 infido
1583 2028 1768 2097 atque
1795 2022 2166 2096 importuno,

203 2105 507 2165 veniebat.
571 2108 653 2166 ad
690 2108 1110 2183 temptandum
1148 2108 1283 2167 eius
1323 2108 1586 2167 animum
1623 2106 1682 2166 C.
1713 2105 1993 2165 Helvium
2029 2120 2169 2165 cum

207 2196 491 2263 quattuor
530 2189 773 2251 milibus
820 2191 1092 2266 peditum
1133 2198 1193 2251 et
1222 2191 1569 2266 quingentis
1612 2188 1918 2265 equitibus
1949 2190 2170 2249 consul

204 2274 547 2347 praemittit.
618 2273 761 2335 huic
811 2274 1034 2349 agmini
1084 2274 1203 2333 iam
1250 2271 1463 2349 primis
1506 2272 1648 2332 finis
1686 2271 2170 2347 ingredientibus

204 2357 389 2431 legati
416 2364 813 2417 occurrerunt
844 2359 1193 2418 nuntiantes
1223 2365 1499 2433 paratum
1529 2370 1674 2417 esse
1702 2363 2030 2435 tyrannum
2057 2354 2167 2415 im-

206 2446 422 2515 perata
450 2440 681 2501 faceret
726 2441 1013 2515 orabant,
1052 2448 1120 2501 ut
1149 2447 1406 2516 pacatus
1429 2440 1574 2500 finis
1603 2440 1794 2513 iniret,
1829 2438 2168 2500 cohiberet-

207 2536 331 2598 que
357 2538 396 2582 a
424 2522 825 2597 populatione
855 2525 983 2598 agri
1011 2524 1290 2595 militem;
1335 2532 1397 2585 et
1422 2524 1484 2584 in
1515 2538 1747 2585 corona
1776 2538 1964 2583 aurea
1993 2522 2169 2597 quin-

207 2606 407 2665 decim
434 2607 663 2667 talenta
689 2606 1065 2669 adferebant.
1108 2607 1365 2669 Helvius
1395 2607 1670 2682 integ-ros
1701 2622 1740 2667 a
1769 2606 2169 2682 populatione

206 2704 391 2765 agros
415 2698 797 2751 servaturum
823 2692 1129 2767 pollicitus
1152 2693 1241 2752 ire
1262 2693 1342 2752 ad
1367 2691 1682 2752 consulem
1703 2692 1942 2767 legatos
1969 2689 2167 2751 iussit.

210 2772 432 2848 quibus
460 2775 679 2835 eadem
705 2776 1112 2837 referentibus
1138 2778 1356 2839 consul
1383 2790 1626 2851 „neque
1645 2775 1944 2837 Romani“
1973 2774 2170 2849 inquit

206 2856 445 2930 „bonae
485 2859 813 2919 voluntatis
856 2861 1044 2921 ullum
1088 2860 1332 2937 signum
1373 2876 1520 2935 erga
1558 2876 1676 2921 nos
1704 2858 1950 2938 tyranni
1979 2856 2166 2917 habe-

208 2954 359 3013 ηιιιε,
388 2949 451 3000 et
477 2942 681 3017 ipsum
705 2946 885 3003 talem
907 2958 1050 3005 esse
1072 2946 1226 3005 inter
1248 2959 1462 3006 omnes
1488 2949 1744 3016 constat,
1773 2950 1842 3003 ut
1861 2942 1941 3001 de
1965 2954 2170 3015 poena

210 3022 339 3082 eius
366 3026 563 3099 magis
595 3040 780 3101 quam
808 3027 889 3085 de
916 3026 1176 3086 amicitia
1206 3027 1384 3088 nobis
1415 3025 1800 3099 cogitandum
1831 3024 1925 3083 sit.
1931 3026 1970 3056 ‘⁴
2027 3036 2162 3097 per·

206 3104 424 3167 turbati
463 3106 581 3167 hac
619 3124 777 3168 voce
818 3110 999 3183 legati
1041 3108 1185 3169 nihil
1228 3108 1391 3169 aliud
1438 3113 1648 3183 petere
1681 3123 1863 3183 quam
1892 3112 1963 3165 ut
1988 3120 2167 3165 coro-

210 3204 345 3250 nam
384 3191 723 3267 acciperet,
767 3191 1177 3267 veniendique
1218 3192 1298 3251 ad
1337 3206 1476 3251 cum
1505 3198 1768 3268 tyranno
1800 3194 2165 3288 potestatem

208 3281 267 3335 et
294 3272 537 3350 copiam
562 3275 856 3349 loquendi
882 3291 959 3336 ac
981 3275 1283 3351 purgandi
1307 3288 1377 3336 se
1399 3276 1646 3335 faceret.
1688 3274 1996 3350 permissu
2019 3287 2166 3334 con-

208 3356 359 3419 sulis
389 3364 642 3435 postero
672 3358 773 3419 die
800 3360 861 3419 in
890 3366 1094 3421 castra
1120 3366 1422 3438 tyrannus
1456 3359 1647 3432 venit,
1685 3358 1946 3419 vestitus
1978 3356 2164 3417 comi-

208 3448 486 3519 tatusque
534 3444 636 3504 vix
688 3442 768 3503 ad
815 3444 1036 3521 privati
1082 3444 1324 3506 modice
1371 3404 1698 3519 locuplet'is
1745 3439 2048 3513 habitum,
2107 3455 2170 3499 et
