2548 3950
393 224 522 289 214
703 224 934 283 LIBER
951 223 1191 283 XXXV.
1237 222 1404 282 CAP-
1426 229 1514 281 44.
1538 230 1607 282 45
1656 222 1731 297 [a.
1752 228 1829 284 U.
1850 244 1901 280 ο.
1922 226 2039 302 560]

393 379 512 439 bus
549 377 685 435 aliis
727 375 952 435 laetitia
979 373 1182 434 effusa
1207 372 1587 447 significatur
1615 370 1801 446 vulgi.
1862 372 2075 433 XLIV.
2117 373 2177 432 in
2208 389 2357 435 con-

396 463 598 521 cilium
627 467 695 519 ut
718 466 966 519 ventum
995 464 1120 529 est,
1164 472 1351 531 aegre
1376 472 1414 515 a
1440 456 1727 515 Phaenea
1754 464 2039 531 praetore
2070 457 2351 533 principi·

393 545 640 619 busque
668 543 803 603 aliis
825 542 1232 617 [introductus
1247 587 1264 611 ,
1294 541 1459 612 inde]
1484 542 1646 600 facto
1672 539 1917 600 silentio
1940 540 2150 600 dicere
2170 557 2353 601 orsus

393 644 529 687 rex.
571 628 768 703 prima
794 628 930 687 eius
960 627 1156 699 oratio
1179 626 1296 684 {uit
1322 624 1709 696 excusantiS,
1752 626 1923 699 quod
1963 631 2133 685 tanto
2165 626 2355 686 mino·

393 712 566 773 ribus
597 727 713 787 spe
743 718 929 787 atque
952 710 1243 785 opinione
1263 708 1533 769 omnium
1558 708 1759 783 copiis
1781 709 2075 770 venisset.
2122 709 2186 769 id
2206 725 2353 770 suaf—

395 798 712 872 impensae
739 810 888 870 erga
916 810 1029 855 eos
1061 793 1386 855 voluntatis
1428 792 1758 853 maximum
1801 792 2031 853 debere
2068 794 2352 854 indicium

395 894 571 953 esse,
616 880 784 956 quod
811 894 931 938 nec
963 886 1214 954 paratus
1245 876 1398 937 satis
1427 877 1553 936 ulla
1580 892 1651 937 re
1680 883 1741 936 et
1767 882 2047 951 tempore
2078 878 2161 937 ad
2188 880 2359 939 navic

393 964 664 1039 gaudum
694 964 1012 1023 immaturo
1039 960 1405 1024 vocantibus
1434 960 1651 1035 legatis
1674 976 1887 1021 eorum
1910 960 2080 1021 haud
2102 968 2354 1036 gravate

395 1048 730 1109 obsecutus
760 1053 960 1118 esset,
993 1046 1481 1119 credidissetque
1498 1090 1513 1115 ‚
1544 1060 1683 1104 cum
1711 1060 1782 1103 se
1807 1042 2114 1105 vidissent
2141 1048 2353 1119 Aetoli,

397 1133 599 1191 omnia
629 1133 725 1191 vel
753 1132 814 1189 in
845 1145 917 1189 se
943 1144 1068 1189 uno
1111 1130 1318 1203 posita
1360 1128 1671 1203 praesidia
1702 1128 2164 1189 existimaturos
2190 1145 2353 1189 esse.

397 1224 663 1276 ceterum
695 1212 906 1275 eorum
937 1227 1188 1288 quoque
1217 1226 1317 1286 se,
1362 1228 1623 1285 quorum
1652 1212 2035 1287 exspectatio
2066 1214 2355 1274 destituta

393 1299 454 1357 in
501 1298 851 1374 praesentia
887 1296 1200 1368 videatur,
1243 1311 1423 1371 spem
1462 1296 1706 1355 abunde
1747 1297 2151 1370 expleturum.
2220 1314 2353 1357 nani

395 1384 576 1444 simul
604 1382 865 1458 primum
895 1380 1037 1440 anni
1078 1386 1321 1459 tempus
1361 1378 1706 1454 navigabile
1748 1378 2139 1454 praebuisset
2164 1397 2351 1452 mare,

395 1482 638 1527 omnem
666 1481 736 1526 se
768 1464 1084 1525 Graeciam
1111 1464 1297 1523 armis
1325 1463 1475 1523 viris
1506 1464 1715 1539 equis,
1758 1478 1999 1524 omnem
2028 1480 2205 1527 oram
2234 1482 2351 1524 ma-

393 1552 653 1611 ritimam
684 1548 989 1609 classibus
1019 1548 1496 1625 completurum,
1526 1562 1644 1607 nec
1665 1546 1984 1623 impensae
2012 1563 2130 1608 nec
2159 1548 2350 1609 labori

395 1649 511 1693 nec
540 1633 813 1708 periculo
844 1647 1200 1707 parsurum,
1237 1631 1437 1691 donec
1467 1632 1729 1707 depulso
1760 1632 2110 1693 cervicibus
2144 1648 2348 1694 eorum

392 1716 647 1792 imperio
677 1716 954 1776 Romano
984 1715 1237 1775 liberam
1267 1730 1414 1775 vere
1438 1714 1753 1776 Graeciam
1779 1723 1964 1792 atque
1992 1716 2055 1775 in
2080 1730 2163 1776 ea
2194 1719 2348 1794 prin·

395 1800 567 1874 cipes
597 1800 854 1860 Aetolos
885 1800 1151 1859 fecisset.
1197 1815 1335 1859 cum
1377 1798 1745 1861 exercitibus
1788 1806 2170 1872 commeatus
2202 1818 2348 1876 quo-

396 1899 518 1960 que
550 1885 746 1945 omnis
774 1882 1020 1958 generis
1052 1899 1130 1944 ex
1159 1883 1311 1943 Asia
1340 1890 1651 1945 venturos.
1695 1884 1755 1943 in
1788 1886 2143 1960 praesentia
2171 1898 2347 1947 curae

393 1981 536 2030 esse
563 1967 799 2029 Aetolis
832 1967 1087 2042 debere,
1119 1975 1188 2028 ut
1215 1968 1395 2045 copia
1424 1968 1705 2030 frumenti
1736 1967 1868 2030 suis
1896 1975 1960 2029 et
1986 1985 2237 2032 annona
2263 1975 2346 2031 to·

389 2052 660 2113 lerabilis
689 2069 892 2113 rerum
921 2053 1176 2114 aliarum
1207 2052 1654 2129 suppeditetur.
1702 2053 1883 2114 XLV.
1928 2053 1989 2113 in
2018 2053 2185 2115 hanc
2212 2069 2343 2115 sen·

388 2137 637 2197 tentiam
659 2152 771 2197 rex
793 2153 929 2197 cum
951 2153 1171 2213 magno
1198 2138 1463 2198 omnium
1488 2139 1761 2198 adsensu
1784 2139 2025 2199 locutus
2041 2139 2343 2199 discessit.

390 2228 534 2296 post
580 2222 925 2282 discessum
972 2223 1137 2298 regis
1189 2222 1347 2283 inter
1396 2223 1554 2284 duos
1613 2221 1923 2298 principes
1974 2223 2339 2296 Aetolorum,

387 2304 734 2367 Phaeneam
761 2313 822 2368 et
846 2305 1212 2381 Thoantem,
1255 2307 1563 2368 contentio
1606 2307 1732 2368 suit.
1788 2305 2103 2367 Phaeneas
2133 2323 2339 2368 recon-

391 2387 662 2450 ciliatore
690 2391 862 2466 pacis
893 2397 954 2451 et
983 2389 1397 2467 disceptatore
1425 2391 1504 2451 de
1538 2391 1613 2450 iis
1646 2391 1895 2467 quaein
1926 2390 2339 2454 controversia

391 2488 528 2533 cum
571 2475 807 2550 populo⁴
843 2473 1120 2536 Romano
1163 2481 1400 2549 essent,
1450 2476 1739 2535 utendum
1792 2473 1997 2552 potius
2040 2475 2335 2540 Antiocho

390 2558 683 2618 censebat
711 2572 895 2634 quam
926 2559 1084 2620 duce
1112 2557 1274 2620 belli.
1330 2559 1658 2621 adventum
1692 2560 1825 2622 eius
1868 2565 1927 2620 et
1968 2560 2337 2622 maiestatem

388 2640 468 2700 ad
511 2642 941 2702 verecundiam
987 2643 1327 2704 faciendam
1356 2644 1649 2704 Romanis
1688 2644 1810 2704 vim
1850 2645 2145 2705 maiorem
2179 2642 2333 2704 habi·

385 2730 583 2782 turam
614 2739 795 2798 quam
825 2741 1012 2784 arma.
1057 2728 1244 2798 multa
1268 2727 1582 2802 homines,
1613 2743 1691 2788 ne
1710 2729 1940 2789 bellare
1963 2743 2225 2790 necesse
2245 2727 2330 2797 sit,

392 2807 698 2867 voluntate
727 2807 1060 2884 remittere,
1093 2827 1253 2885 quae
1279 2811 1443 2873 bello
1474 2819 1537 2872 et
1562 2811 1745 2873 armis
1775 2813 1913 2887 cogi
1936 2827 2061 2875 non
2085 2813 2331 2891 possin*-

387 2887 591 2950 Thoas
624 2907 849 2966 negare
879 2893 1017 2967 paci
1048 2895 1299 2956 studere
1326 2895 1701 2971 Phaeneam,
1744 2896 1856 2956 sed
1900 2896 2209 2958 discutere
2234 2911 2329 2969 ap-

384 2980 664 3051 paratum
690 2975 830 3037 belli
849 2977 1027 3053 velle,
1049 2986 1116 3039 ut
1139 2979 1341 3040 taedio
1364 2987 1424 3041 et
1444 2981 1705 3055 impetus
1728 2980 2159 3054 relanguescat
2180 2977 2328 3053 regis

384 3066 446 3119 et
473 3057 730 3120 Romani
757 3067 1002 3137 tempus
1033 3062 1111 3123 ad
1140 3063 1620 3140 comparandum
1648 3061 1927 3124 habeant.
1992 3057 2139 3123 nihil
2182 3063 2323 3123 enim

385 3141 567 3219 aequi
607 3143 684 3204 ab
724 3145 1016 3208 Romanis
1059 3148 1364 3222 impetrari
1405 3161 1628 3223 posse,
1670 3147 1892 3207 totiens
1932 3146 2321 3222 legationibus

383 3226 590 3287 missis
643 3227 927 3302 Romam,
977 3231 1202 3291 totiens
1244 3245 1381 3292 cum
1422 3231 1561 3308 ipso
1604 3230 1882 3306 Quinctio
1934 3229 2321 3306 disceptando

384 3309 534 3369 satis
564 3319 886 3384 expertum
915 3328 1092 3382 esse;
1137 3327 1254 3373 nec
1282 3314 1401 3375 nisi
1431 3313 1677 3375 abscisa
1705 3315 1871 3375 omni
1901 3329 2017 3389 spe
2044 3314 2318 3375 auxilium

381 3391 666 3451 Antiochi
709 3393 1138 3469 imploraturos
1169 3395 1382 3458 ruisse.
1444 3411 1567 3472 quo
1612 3397 1871 3458 celerius
1913 3409 2030 3472 spe
2070 3396 2318 3458 omnium

381 3469 589 3532 oblato
632 3490 754 3534 non
797 3491 944 3536 esse
983 3480 1572 3553 elanguescendum,
1626 3481 1742 3541 sed
1784 3480 2083 3547 orandum
2133 3479 2319 3556 potius
