2548 3950
284 204 416 269 230
625 203 856 265 LIBER
882 201 1150 264 xxxvl.
1202 201 1480 262 CAP.10.
1526 206 1600 275 [a.
1626 206 1697 262 υ.
1721 222 1769 257 0.
1792 205 1918 271 5611
2002 160 2009 165 ⁴

286 355 542 434 adgredi
583 355 858 415 Larisam
899 348 1239 425 constituit,
1282 358 1455 413 ratus
1493 352 1593 410 vel
1634 357 1871 411 terrore
1910 340 2261 410 ceterarum

286 446 772 518 expugnatarum
791 438 894 499 vel
913 434 1216 499 beneficio
1246 433 1543 511 praesidii
1570 434 1806 495 dimissi
1832 434 1930 493 vel
1957 436 2256 511 exemplo

281 533 373 587 tot
401 523 732 585 civitatium
753 521 1118 583 dedentium·
1133 534 1279 581 sese
1300 535 1425 580 non
1445 518 1605 581 ultra
1624 518 1703 578 in'
1716 518 2051 593 pertinacia
2075 534 2256 579 man-

285 625 491 672 suros.
552 605 898 683 elephantis
950 603 1052 680 agi
1099 612 1242 665 ante
1292 602 1489 679 signa·
1516 603 1767 663 terroris
1820 617 2012 664 eausa
2058 602 2257 667 iussis

288 692 588 770 quadrato
620 690 864 767 agmine
891 689 976 751 ad
996 688 1212 749 urbem
1233 687 1517 761 incessit,
1543 693 1612 747 ut
1638 686 1853 747 incerti
1880 684 2256 747 fluctuamu-

283 786 382 839 tur
408 774 594 837 animi
621 788 882 849 mag-nae
923 771 1120 851 partis
1146 771 1577 833 Larisaeorum
1618 771 1773 831 inter
1812 777 2038 831 metum
2072 786 2257 847 prae·

287 867 523 923 sentem
548 858 818 920 hostium
847 865 910 920 et
933 856 1373 917 verecundiam
1392 855 1738 917 absentium
1762 854 2092 915 sociorum.
2137 870 2259 931 per

287 945 544 1007 eosdem
571 942 707 1004 dies
735 942 1140 1021 Amynander
1179 956 1322 1001 cum
1358 939 1769 1001 Athamanum
1807 938 2119 999 inventute
2148 955 2258 1000 oe-

287 1035 476 1105 cupat
499 1026 903 1102 Pellinaeum,
945 1031 1010 1087 et
1030 1024 1364 1100 Menippus
1404 1040 1545 1085 cum
1580 1022 1777 1085 tribus
1806 1022 2049 1085 milibus
2078 1024 2258 1098 pedi-

284 1120 415 1175 tum
442 1112 804 1172 Aetolorum
829 1116 892 1170 et
919 1108 1202 1171 ducentis
1231 1107 1539 1183 equitibus
1567 1106 1631 1169 in
1649 1104 2081 1168 Perrhaebiam
2108 1124 2259 1183 pro·

288 1190 489 1258 rectus
517 1194 844 1256 Malloeam
883 1199 946 1254 et
972 1191 1251 1272 Cyretias
1281 1192 1344 1251 vi
1385 1192 1578 1267 cepit,
1617 1199 1685 1254 et
1710 1192 2131 1267 depopulatus
2157 1198 2262 1253 est

288 1296 504 1357 agrum
515 1277 971 1355 Tripolitanum.
1001 1275 1100 1337 his
1110 1275 1336 1351 raptim
1358 1274 1628 1351 peractis
1640 1274 1919 1337 Larisam
1940 1276 2022 1337 ad
2042 1290 2261 1351 regem

286 1364 575 1425 redeunt:
622 1360 1041 1435 consultant&
1057 1360 1351 1437 quidnam
1380 1360 1689 1436 agendum
1714 1360 1795 1421 de
1823 1359 2039 1421 Larisa
2064 1368 2259 1435 esset,

289 1454 795 1525 supervenerunt.
841 1446 924 1508 ibi
951 1446 1014 1505 in
1045 1446 1359 1507 diversum
1392 1445 1729 1506 sententiae
1752 1444 2088 1507 tendebant
2115 1442 2261 1506 aliis

285 1533 412 1593 vim
449 1531 851 1593 adferendam
892 1538 954 1591 et
991 1544 1114 1589 non
1168 1528 1575 1593 differendum
1627 1528 2021 1590 censentibus
2037 1572 2055 1604 ,
2094 1528 2261 1604 quin

289 1616 584 1695 operibus
613 1630 688 1675 ac
717 1612 1014 1674 machinis
1045 1614 1226 1675 simul
1252 1613 1529 1690 undique
1557 1612 1803 1675 moenia
1838 1613 2261 1689 adgrederen—

287 1706 386 1761 tur
413 1698 581 1759 urbis
611 1698 764 1759 sitae
786 1697 848 1756 in
871 1699 1057 1773 plano
1075 1744 1091 1773 ‚
1120 1704 1373 1775 apertae
1396 1696 1725 1775 campestri
1746 1698 2023 1773 undique
2046 1695 2257 1767 aditu3

273 1783 424 1844 ‘aliis
453 1797 618 1843 nunc
645 1781 814 1842 vires
840 1782 1012 1841 urbis
1034 1798 1429 1858 nequaquam
1450 1781 1664 1843 Pheris
1692 1782 2105 1844 conferendae
2126 1796 2260 1843 me·

290 1866 702 1941 morantibus,
750 1880 912 1926 nunc
941 1864 1204 1927 hiemem
1244 1873 1307 1927 et
1343 1872 1589 1943 tempus
1632 1866 1775 1926 anni
1816 1865 1967 1927 nulli
1992 1865 2261 1926 bellicae

287 1952 408 2032 rei,
437 1950 684 2014 minime
712 1948 1021 2014 obsidioni
1061 1957 1248 2028 atque
1278 1951 1718 2029 oppugnationi
1744 1951 1991 2013 urbium
2020 1956 2259 2029 aptum.

289 2042 524 2100 incerto
564 2038 695 2114 regi
737 2038 896 2098 inter
934 2052 1113 2112 spem
1151 2041 1503 2112 metumque
1542 2036 1725 2112 legati
1755 2053 1793 2096 a
1816 2035 2111 2098 Pharsalo
2150 2037 2261 2110 qui

291 2123 371 2184 ad
401 2121 748 2184 dedendam
773 2121 988 2182 urbem
1016 2137 1194 2182 suam
1222 2121 1379 2182 forte
1415 2127 1741 2193 venerant,
1784 2119 2023 2182 animos
2066 2135 2261 2180 auxe-

292 2213 449 2268 runt.
493 2205 574 2266 M.
597 2205 866 2268 Baebius
893 2205 1131 2266 interim
1159 2220 1300 2266 cum
1318 2203 1599 2281 Philippo
1622 2205 1684 2266 in
1705 2204 2075 2284 Dassaretiis
2106 2219 2259 2263 con-

291 2307 552 2368 gressus
574 2291 694 2366 Ap.
721 2290 1036 2352 Claudium
1059 2307 1138 2350 ex
1161 2289 1469 2351 communi
1490 2289 1746 2352 consilio
1769 2289 1850 2350 ad
1877 2287 2261 2364 praesidium

292 2374 544 2436 Larisae
584 2375 778 2450 misit,
819 2374 924 2450 qui
963 2389 1076 2450 per
1100 2372 1528 2435 Macedoniam
1565 2372 1805 2449 magnis
1845 2372 2166 2433 itineribus
2196 2373 2261 2432 in

293 2459 501 2536 iugum
533 2459 856 2531 montium,
893 2457 1062 2533 quod
1089 2471 1280 2532 super
1305 2457 1559 2518 Gonnos
1583 2465 1707 2532 est,
1736 2457 2033 2535 pervenit.
2076 2456 2257 2531 oppi-

223 2601 230 2610 .
297 2545 442 2604 dum
467 2543 667 2604 Gonni
695 2541 904 2618 viginti
931 2541 1098 2602 milia
1123 2542 1202 2602 ab
1223 2541 1439 2602 Larisa
1458 2541 1667 2617 abest,
1695 2542 1756 2602 in
1787 2541 1943 2618 ipsis
1971 2537 2260 2602 faucibus

297 2629 520 2699 saltuS,
555 2641 717 2702 quae
742 2627 969 2701 Tempe
997 2626 1416 2702 appellantur,
1460 2625 1661 2690 situm.
1724 2625 1809 2686 ibi
1840 2633 2042 2688 castra
2066 2634 2260 2687 meta-

293 2718 394 2770 tus
423 2709 607 2769 latius
639 2724 824 2784 quam
851 2723 966 2784 pro
995 2707 1225 2784 copiis,
1267 2717 1329 2770 et
1366 2709 1579 2785 plures
1623 2725 1807 2786 quam
1836 2717 1988 2787 quot
2014 2711 2165 2771 satis
2196 2709 2257 2769 in

297 2807 474 2854 asum
503 2800 678 2853 erant
703 2792 878 2868 ignes
908 2807 1045 2854 cum
1074 2793 1491 2870 accendisset,
1536 2787 1811 2871 speciem
1854 2808 2039 2871 quam
2066 2809 2259 2870 quae-

297 2878 484 2938 sierat
523 2876 686 2936 hosti
729 2876 900 2951 fecit,
953 2891 1196 2938 omnem
1234 2877 1317 2940 ibi
1356 2879 1701 2941 Romanum
1739 2879 2075 2941 exercitum
2116 2892 2260 2938 cum

293 2977 442 3036 rege
482 2958 765 3038 Philippo
807 2975 970 3022 esse.
1034 2961 1243 3036 itaque
1288 2963 1553 3024 hiemem
1598 2965 1829 3025 instare
1878 2963 2050 3038 apud
2102 2977 2256 3024 suos

295 3051 588 3106 causatus
615 3051 757 3120 rex,
799 3061 990 3104 unum
1029 3051 1261 3106 tantum
1300 3054 1583 3108 moratus·
1612 3047 1777 3108 diem
1812 3047 1895 3107 ab
1916 3045 2135 3107 Larisa
2159 3061 2257 3105 re-

211 3195 225 3204 κ
298 3129 486 3189 cessit
514 3135 577 3190 et
600 3129 1049 3192 Demetriadem
1089 3129 1277 3202 redit3
1319 3129 1649 3207 Aetolique
1685 3139 1749 3194 et
1774 3127 2152 3192 Athamanes
2191 3129 2255 3190 in

296 3228 448 3274 suos
487 3219 859 3287 receperunt
896 3227 970 3274 se
1010 3213 1187 3275 fines.
1249 3213 1497 3290 Appius
1524 3214 1674 3289 etsi,
1718 3215 1894 3278 cuius
1930 3214 2024 3276 rei
2065 3229 2255 3276 causa
2349 3267 2362 3278 .

293 3295 524 3358 missus
557 3302 717 3371 erat,
764 3296 1028 3358 solutam
1052 3299 1359 3360 'cernebat
1388 3297 1813 3374 obsidionem,
1848 3307 2059 3361 tamen
2088 3299 2246 3359 Lari-

294 3395 432 3438 sam
461 3378 540 3439 ad
569 3379 1027 3442 confirmandos
1066 3381 1128 3442 in
1165 3382 1474 3458 reliquum
1518 3383 1828 3445 sociorum
1868 3384 2106 3445 animos
2146 3383 2250 3442 de-

295 3461 569 3532 scendit3
616 3463 969 3540 duplexque
995 3464 1220 3525 laetitia
1247 3474 1407 3544 erat,
1440 3467 1612 3544 quod
1632 3474 1693 3529 et
1718 3467 1932 3531 hostes
1962 3481 2257 3530 excesse—
