2548 3950
605 247 837 309 LIBER
863 248 1102 329 XXXV.
1147 250 1534 313 CAP.13.14.
1579 259 1651 325 [a.
1680 258 1893 327 0193]
2106 254 2232 320 18⁷

273 402 708 463 maritimorum
727 402 1038 463 Laconum
1061 404 1428 470 tuendorum
1451 420 1489 463 a
1508 406 1573 465 T.
1592 403 1868 479 Quinctio
1892 421 2041 467 cura
2060 424 2231 467 man·

271 488 414 547 data
442 491 592 546 erat.
656 486 863 562 itaque
893 489 1200 563 extemplo
1231 496 1291 547 et
1318 487 1398 547 ad
1428 497 1753 566 tyrannum
1780 489 2017 564 legatos
2046 492 2229 553 mise-

267 576 440 647 runt,
494 570 602 649 qni
625 572 1046 635 admonerent
1085 573 1359 635 foederis
1404 568 1696 645 Romani,
1777 572 2231 635 denuntiarent-

271 669 426 729 que,
477 668 556 715 ne
597 668 842 728 pacem,
895 670 1076 729 quam
1115 660 1437 731 tantopere
1478 655 1765 730 petisset„
1812 656 2115 729 turbaret3
2172 664 2233 719 et

269 736 500 799 auxilia
523 737 606 796 ad
635 736 954 812 cythium,
991 736 1159 813 quod
1186 738 1306 799 iam
1336 739 1810 814 oppugnabatur
1838 740 1917 801 ab
1947 748 2230 819 tyranno,

271 827 331 881 et
353 822 630 895 Romam,
662 822 763 897 qui
795 837 870 881 ea
899 819 1262 895 nuntiarent,
1290 822 1529 896 legatos
1558 823 1871 884 miserunt.

439 904 784 965 Antiochus
823 919 936 963 rex
975 920 1052 967 ea
1079 903 1279 966 hieme
1304 905 1583 980 Raphiae
1610 907 1671 969 in
1699 906 2005 979 Phoenice
2031 907 2225 969 Ptole·

268 1003 445 1049 maeo
474 988 606 1064 regi
631 990 906 1067 Aegypti
933 989 1058 1049 filia
1086 986 1148 1049 in
1177 986 1625 1050 matrimonium
1652 990 1812 1063 data,
1850 1005 1991 1051 curn
2014 990 2229 1051 Antio·

270 1070 472 1133 chiam
509 1088 583 1133 se
615 1072 991 1147 recepisset,
1033 1088 1145 1149 per
1175 1072 1444 1133 Ciliciam
1468 1074 1669 1134 Tauro
1702 1080 1911 1133 monte
1936 1082 2226 1151 superato

267 1162 542 1217 extremo
592 1156 716 1217 iam
755 1156 973 1217 hiemis
1013 1156 1329 1233 Ephesum
1376 1157 1685 1233 per-venit3
1742 1157 1886 1219 inde
1926 1156 2227 1233 principio

266 1241 466 1317 veris,
493 1238 800 1303 Antiocho
844 1240 969 1301 filio
1012 1242 1205 1303 misso
1245 1241 1312 1301 in.
1338 1240 1583 1321 Syriam
1611 1240 1692 1301 ad
1722 1242 2065 1306 custodiam
2091 1241 2227 1302 ulti-

263 1339 502 1385 marum
529 1324 790 1401 partium
817 1322 1012 1399 regni,
1040 1340 1119 1385 ne
1150 1325 1300 1401 quid
1330 1326 1585 1386 absente
1614 1341 1686 1385 se
1714 1324 1790 1385 ab
1820 1331 1991 1401 tergo
2020 1339 2228 1385 move-

263 1415 465 1484 retur,
507 1409 646 1485 ipse
687 1424 826 1471 cum
869 1407 1151 1471 omnibus
1196 1407 1587 1471 terrestribus
1630 1406 1828 1483 copiis
1862 1406 1943 1469 ad
1968 1407 2211 1471 Pisidas

267 1492 376 1569 qui
414 1493 579 1553 circa
618 1491 872 1553 Sindam
911 1493 1214 1567 incolunt,
1259 1492 1713 1568 oppugnandos
1756 1498 1853 1553 est
1892 1490 2227 1566 profectus.

265 1592 342 1638 eo
384 1584 664 1653 tempore
701 1577 882 1651 legati
909 1578 1170 1639 Romani
1196 1576 1261 1635 P.
1294 1575 1603 1653 Sulpicius
1646 1583 1706 1637 et
1730 1575 1795 1634 P.
1825 1574 2078 1650 Villius,
2124 1574 2231 1650 qui

266 1662 348 1721 ad
375 1661 774 1733 Antiochum,
821 1661 979 1723 sicut
1017 1668 1156 1721 ante
1197 1661 1425 1721 dictum
1464 1666 1590 1734 est,
1629 1660 1804 1725 missi
1831 1665 2033 1741 erant,
2076 1657 2230 1721 iussi

265 1744 440 1819 prius
467 1744 802 1807 Eumenem
830 1742 1001 1804 adire
1029 1744 1278 1807 Elaeam
1306 1760 1563 1814 venere;
1609 1744 1752 1807 inde
1771 1744 2132 1819 Pergamum
2145 1774 2229 1791 ·-

266 1826 350 1888 ibi
389 1828 562 1904 regia
584 1828 874 1889 Eumenis
917 1828 1029 1889 fuit
1047 1860 1133 1872 —
1153 1829 1585 1892 escenderunt.
1654 1828 1917 1905 cupidus
1945 1827 2089 1890 belli
2119 1828 2226 1889 ad-

268 1927 488 1975 versus
515 1911 884 1973 Antiochum
909 1911 1215 1975 Eumenes
1257 1920 1419 1987 erat,
1464 1927 1745 1989 gravem,
1788 1912 1842 1973 si
1883 1927 2009 1990 pax
2038 1917 2226 1987 esset,

264 1998 541 2058 accolam
580 2003 748 2060 tanto
793 1998 1196 2072 potentiorem
1235 2013 1447 2072 regem
1486 1998 1779 2067 credens3
1838 1997 2129 2070 eundem,
2172 1995 2229 2056 si

263 2087 497 2141 motum
545 2081 772 2141 bellum
829 2088 1023 2156 esset,
1073 2097 1198 2142 non
1249 2081 1445 2155 magis
1487 2097 1697 2156 parem
1736 2081 2031 2142 Romanis
2074 2081 2225 2153 fore,

266 2179 454 2240 quam
479 2163 796 2240 Philippus
827 2165 1074 2240 fuisset,
1117 2171 1180 2226 et
1206 2172 1309 2225 aut
1337 2165 1610 2225 funditus
1640 2164 1945 2226 sublatum
1976 2163 2079 2239 iri,
2123 2170 2231 2223 aut

263 2249 320 2308 si
349 2264 476 2323 pax
501 2248 664 2310 victo
695 2248 970 2320 daretur,
1001 2247 1188 2310 multa
1217 2248 1303 2307 illi
1333 2248 1606 2308 detracta
1634 2248 1752 2308 sibi
1780 2261 2131 2320 accessura,
2161 2252 2229 2306 ut

261 2332 445 2392 facile
472 2330 699 2392 deinde
726 2347 796 2392 se
825 2333 902 2392 ab
932 2348 1008 2394 eo
1039 2332 1174 2394 sine
1199 2332 1327 2391 ullo
1351 2329 1579 2392 auxilio
1601 2332 1879 2392 Romano
1901 2328 2056 2390 tueri
2078 2345 2225 2406 pos-

262 2422 378 2476 set.
423 2417 603 2476 etiam
631 2416 686 2474 si
715 2416 864 2494 quid
893 2416 1139 2477 adversi
1169 2431 1454 2476 casurum
1485 2416 1671 2488 foret,
1714 2414 1907 2477 satius
1935 2429 2080 2476 esse
2101 2414 2223 2473 Ro·

259 2499 462 2560 manis
487 2499 680 2574 sociis
711 2515 1157 2576 quamcumque
1198 2500 1504 2560 fortunam
1533 2498 1769 2570 subire,
1814 2513 1997 2573 quarn
2026 2497 2227 2558 solum

262 2589 373 2646 aut
395 2584 714 2660 imperium
743 2585 870 2660 pati
895 2582 1182 2648 Antiochi
1212 2590 1319 2644 aut
1344 2583 1710 2644 abnuentem
1738 2582 1799 2642 vi
1827 2589 2011 2656 atque
2039 2579 2225 2652 armis

263 2667 425 2742 cogi.
471 2667 549 2728 ob
577 2667 749 2741 haec,
781 2676 1076 2746 quantum
1102 2668 1480 2740 auctoritate,
1513 2674 1803 2743 quantum
1833 2665 2090 2727 consilio
2120 2681 2201 2726 va

261 2751 446 2825 lebat,
476 2751 766 2813 incitabat
789 2753 1104 2814 Roma-nos
1133 2751 1217 2811 ad
1243 2751 1488 2812 bellum.

431 2833 591 2894 XIV.
637 2832 946 2911 Sulpicius
977 2851 1164 2912 aeger
1185 2833 1467 2912 Pergami
1496 2835 1789 2896 substitit=
1832 2833 2055 2895 Villius
2088 2848 2225 2892 cum

263 2917 536 2978 Pisidiae
563 2918 723 2980 bello
755 2928 1122 2997 occupatum
1150 2935 1295 2982 esse
1322 2935 1533 2996 regem
1562 2918 1869 2992 audisset,
1910 2915 2227 2991 Ephesum

259 3001 612 3078 profectuS,
654 3002 796 3064 dum
838 3019 1072 3080 paucos
1113 3002 1199 3064 ibi
1237 3009 1510 3067 moratur
1538 3003 1705 3076 dieS,
1750 3001 1919 3067 dedit
1954 3013 2225 3074 operam,

255 3091 334 3145 ut
375 3099 511 3144 cum
538 3083 906 3162 Hannibale,
953 3086 1214 3164 quitum
1241 3087 1325 3148 ibi
1354 3086 1511 3150 rorte
1540 3092 1698 3159 erat,
1748 3098 1940 3158 saepe
1969 3095 2225 3154 congre-

261 3169 542 3243 deretur,
581 3175 648 3230 ut
674 3171 938 3231 animum
967 3171 1100 3232 eius
1133 3176 1481 3246 temptaret,
1512 3175 1573 3229 et
1600 3169 1656 3230 si
1684 3183 1808 3242 qua
1838 3171 2070 3240 posset,
2100 3177 2225 3224 me-

257 3258 394 3312 tum
435 3250 710 3314 demeret
745 3254 1002 3329 periculi
1045 3253 1373 3330 quicquam
1416 3250 1474 3314 ei
1502 3252 1580 3312 ab
1606 3250 1903 3314 Romanis
1929 3263 2091 3310 esse.
2147 3245 2227 3306 iis

260 3335 592 3408 colloquiis
635 3337 799 3398 aliud
841 3338 1086 3414 quidem
1126 3345 1329 3398 actum
1368 3334 1515 3398 nihil
1554 3340 1677 3396 est:
1722 3341 2001 3398 secutum
2024 3339 2225 3392 tamen

259 3433 384 3480 sua
412 3426 636 3494 sponte
678 3428 800 3496 est,
843 3422 1010 3485 velut
1038 3421 1297 3483 consilio
1323 3420 1575 3495 petitum
1604 3424 1803 3492 esset,
1844 3424 1912 3479 ut
1938 3413 2115 3476 vilior
2146 3413 2227 3474 ob

253 3517 340 3562 ea
366 3501 497 3577 regi
527 3503 829 3566 Hannibal
859 3511 920 3566 et
945 3505 1297 3582 suspectior
1326 3505 1405 3566 ad
1434 3503 1637 3566 omnia
1664 3503 1855 3564 fleret.
