2548 3950
2481 0 2490 195 l

406 214 536 277 368
690 212 920 271 LIBER
946 210 1266 271 XXXVlll.
1317 211 1481 271 CAP.
1513 220 1598 273 52.
1621 220 1711 275 53.
1755 216 1830 285 [a.
1855 216 1926 274 υ,
1951 234 1999 271 c.
2021 218 2151 286 565]
2485 276 2489 295 1

410 368 579 428 tium.
632 365 736 425 ubi
768 365 901 425 dies
932 362 1097 423 venit
1124 362 1419 438 citarique
1447 363 1674 424 absens
1705 368 1800 425 est
1829 371 2104 441 coeptus
2131 364 2199 425 L.
2231 364 2376 428 Sci-

410 452 515 527 pio
554 448 834 508 morbum
874 461 1101 507 causae
1140 462 1285 507 esse
1323 462 1432 505 cur
1471 447 1723 507 abesset
1755 448 2110 511 excusabat.
2177 466 2371 525 quam

408 531 873 593 excusationem
902 546 1038 591 cum
1066 530 1308 601 tribuni,
1340 530 1446 605 qui
1469 529 1630 589 diem
1653 528 1953 607 dixerant,
1983 548 2106 592 non
2125 532 2370 607 accipe-

408 624 571 688 rent,
617 622 679 675 et
705 614 782 675 ab
811 614 1028 674 eadem
1058 614 1352 687 superbia
1378 628 1502 674 non
1530 613 1741 673 venire
1769 615 1851 675 ad
1879 630 2130 675 causam
2161 614 2368 677 dicen-

406 700 552 761 dam
582 706 926 773 arguerent,
958 713 1081 772 qua
1107 696 1396 759 iudicium
1425 703 1488 757 et
1511 697 1789 759 tribunos
1819 698 2019 773 plebis
2050 706 2112 759 et
2133 700 2370 763 contio-

410 800 549 843 nem
592 782 973 857 reliquisset,
1016 787 1076 841 et
1102 781 1328 855 quibus
1363 780 1457 843 ius
1489 781 1826 843 sententiae
1855 782 1934 841 de
1963 796 2036 841 se
2065 781 2371 843 dicendae

412 876 475 926 et
500 867 837 945 libertatem
878 864 1235 938 ademisset,
1277 863 1375 925 his
1407 862 1729 927 comit-atus
1744 908 1759 937 ,
1800 865 1971 925 velut
1995 871 2216 941 captos
2246 871 2368 927 tra·

408 950 593 1024 henS,
632 948 1001 1023 triumphum
1042 948 1122 1008 de
1162 948 1396 1022 populo
1438 948 1716 1009 Romano
1743 947 2006 1022 egisset,
2055 948 2367 1009 secessio·

408 1049 671 1109 nemque
700 1048 775 1093 eo
806 1032 905 1092 die
933 1031 993 1089 in
1023 1030 1384 1105 Capitolium
1411 1046 1449 1089 a
1475 1030 1735 1093 tribunis
1763 1030 1964 1107 plebis
1993 1032 2245 1092 fecisset
2273 1063 2362 1075 —-

404 1117 687 1191 „ha-betis
730 1130 876 1189 ergo
918 1114 1269 1175 temeritatis
1311 1114 1472 1175 illius
1513 1114 1876 1177 mercedem.
1945 1131 2066 1191 quo
2108 1114 2268 1175 duce
2305 1120 2367 1172 et

404 1206 659 1261 auctore
688 1215 804 1259 nos
833 1197 1196 1271 reliquistis,
1240 1197 1318 1255 ab
1347 1211 1421 1256 eo
1451 1196 1570 1271 ipsi
1599 1197 1792 1257 relicti
1817 1199 2004 1267 estis;
2048 1205 2108 1259 et
2132 1205 2365 1259 tantum

402 1284 739 1343 animorum
768 1283 831 1343 in
861 1280 993 1341 dies
1022 1281 1201 1341 nobis
1230 1278 1551 1353 decrescit,
1580 1288 1648 1341 ut
1675 1280 1754 1341 ad
1783 1296 1968 1355 quem
1993 1288 2136 1341 ante
2163 1295 2363 1341 annos

404 1366 871 1441 septemdecim,
916 1365 1251 1425 exercitum
1293 1371 1354 1424 et
1381 1364 1645 1425 classem
1685 1363 2040 1438 habentem,
2079 1362 2359 1425 tribunos

404 1449 603 1525 plebis
654 1450 1040 1522 aedilemque
1088 1448 1324 1508 mittere
1357 1446 1424 1507 in
1467 1446 1734 1507 Siciliam
1781 1447 1920 1507 ausi
1961 1462 2172 1508 sumus
2186 1492 2203 1519 ,
2253 1445 2359 1522 qui

404 1534 775 1609 prenderent
809 1547 948 1592 eum
975 1537 1038 1591 et
1062 1532 1320 1591 Romam
1349 1530 1744 1605 reducerent,
1786 1530 1866 1589 ad
1893 1545 2033 1591 eum
2060 1532 2362 1607 privatum

404 1632 483 1677 ex
522 1616 669 1675 villa
708 1631 825 1675 sua
872 1614 1312 1674 extrahendum
1353 1614 1432 1673 ad
1471 1628 1722 1673 causam
1765 1612 2087 1673 dicendam
2127 1612 2364 1676 mittere

404 1716 528 1760 non
559 1698 941 1758 audeamus“
964 1724 1048 1737 -—
1070 1696 1292 1757 tribuni
1323 1695 1522 1771 plebis
1551 1696 1842 1772 appellati
1869 1697 1947 1757 ab
1975 1698 2042 1757 L.
2068 1696 2362 1772 Scipione

404 1784 489 1843 ita
516 1782 947 1851 decreverunt,
980 1781 1033 1838 si
1060 1780 1256 1839 morbi
1287 1796 1476 1841 causa
1503 1786 1929 1853 excusaretur,
1963 1779 2083 1841 sibi
2113 1782 2360 1854 placere

404 1864 603 1941 accipi
634 1878 769 1922 eam
800 1876 1049 1923 causam
1083 1862 1370 1937 diemque
1399 1878 1439 1921 a
1468 1864 1720 1937 collegis
1754 1864 2006 1937 prodici.
2077 1862 2359 1923 tribunus

404 1946 605 2026 plebis
646 1962 721 2009 eo
748 1953 1025 2022 tempore
1050 1945 1136 2006 Ti.
1168 1942 1568 2021 Sempronius
1599 1945 1910 2008 Gracchus
1939 1952 2084 2020 erat,
2121 1944 2218 2007 cui
2247 1945 2364 2007 ini-

404 2031 667 2093 micitiae
699 2047 838 2092 cum
862 2031 929 2089 Ρ.
958 2029 1249 2104 Scipione
1271 2029 1752 2091 intercedebant.
1815 2031 1870 2090 is
1901 2045 2038 2090 cum
2069 2029 2362 2091 vetuisset

406 2131 629 2177 nomen
670 2131 853 2176 suum
882 2114 1129 2174 decreto
1163 2113 1532 2188 collegarum
1563 2113 1861 2186 adscribi,
1905 2113 2358 2187 tristioremque

404 2215 621 2261 omnes
650 2197 1013 2259 sententiam
1038 2203 1502 2272 exspectarent,
1534 2195 1616 2257 ita
1646 2196 1935 2270 decrevit,
1967 2212 2104 2259 cum
2129 2197 2197 2255 L.
2230 2195 2356 2255 Sci-

406 2284 508 2360 pio
551 2287 916 2343 excusasset
954 2281 1231 2341 morbum
1260 2281 1416 2340 'esse
1457 2295 1684 2340 causae
1726 2279 1924 2354 fratri,
1967 2280 2116 2340 satis
2147 2278 2210 2339 id
2238 2275 2357 2340 sibi

406 2366 619 2426 videri.
671 2380 743 2426 se
768 2365 833 2424 P.
864 2363 1241 2441 Scipionem,
1272 2363 1636 2439 priusquam
1661 2365 1920 2424 Romam
1945 2361 2227 2434 redisset,
2257 2377 2356 2422 ac-

402 2452 608 2511 cusari
638 2467 761 2511 non
790 2464 1136 2526 passurum.
1178 2455 1306 2508 tum
1336 2463 1604 2522 quoque,
1635 2447 1690 2508 si
1717 2461 1789 2508 se
1817 2445 2101 2522 appellet,
2134 2442 2353 2506 auxilio

298 2527 301 2532 ’
405 2536 464 2595 ei
492 2535 775 2607 futurum,
803 2547 883 2592 ne
912 2547 1161 2594 causam
1188 2530 1370 2591 dicat.
1415 2531 1495 2592 ad
1522 2530 1587 2590 id
1609 2529 1916 2604 fastigium
1934 2530 2122 2591 rebus
2143 2527 2352 2604 gestis,

406 2617 745 2678 honoribus
768 2617 979 2692 populi
998 2616 1256 2678 Romani
1276 2615 1340 2674 Ρ.
1369 2613 1720 2690 Scipionem
1743 2612 1997 2674 deorum
2017 2612 2352 2675 hominum-

408 2715 529 2773 que
570 2714 880 2760 consensu
918 2700 1308 2774 pervenisse,
1347 2704 1415 2758 ut
1455 2697 1571 2758 sub
1600 2698 1840 2759 Rostris
1877 2712 2054 2758 reum
2093 2702 2274 2757 stare·
2297 2702 2354 2754 et

406 2781 705 2858 praebere
746 2796 928 2841 aures
970 2782 1450 2842 adolescentium
1490 2779 1789 2842 >conviciis
1817 2782 2051 2857 populo
2081 2779 2349 2840 Romano

406 2867 601 2940 magis
642 2866 914 2926 deforme
956 2881 1138 2938 quam
1165 2864 1286 2938 ipsi
1315 2864 1411 2924 sit.
1461 2864 1607 2924 LIII.
1665 2864 1888 2925 adiecit
1929 2864 2172 2924 decreto
2199 2860 2348 2920 indi-

404 2949 771 3026 gnationem.
832 2948 989 3022 „sub
1020 2947 1280 3022 pedibus
1310 2947 1532 3008 vestris
1563 2947 1775 3022 stabit,
1816 2946 2068 3021 tribuni,
2097 2944 2353 3006 domitor
2479 2983 2486 3046 ᾗ

406 3035 508 3092 ille
552 3033 802 3093 Africae
853 3030 1105 3106 Scipio?
1168 3032 1311 3092 ideo
1362 3037 1648 3105 quattuor
1693 3031 2110 3093 nobilissimos
2166 3030 2350 3090 duces

406 3115 751 3176 Poenorum
776 3116 837 3175 in
866 3116 1189 3191 Hispania,
1234 3122 1518 3189 quattuor
1557 3113 1865 3176 exercitus
1905 3113 2059 3176 rudit
2101 3112 2350 3188 fugavit·

406 3215 562 3274 que3
610 3199 747 3258 ideo
786 3197 1135 3276 Syphacem
1166 3198 1358 3273 cepit,
1399 3198 1802 3260 Hannibalem
1829 3195 2080 3272 devicit,
2112 3194 2350 3260 Cartha·

404 3283 607 3357 ginem
637 3280 997 3356 vectigalem
1024 3281 1203 3342 nobis
1236 3282 1404 3356 fecit,
1447 3279 2172 3356 Antiochum—recepit
2197 3278 2348 3338 enim

406 3367 652 3424 fratrem
693 3373 1036 3426 consortem
1076 3363 1259 3426 huius
1297 3366 1532 3440 gloriae
1559 3365 1624 3426 L.
1657 3364 1866 3441 Scipio
1886 3396 1974 3410 —-
1994 3365 2153 3424 ultra
2177 3359 2348 3422 Tauri

405 3446 549 3519 iuga
590 3447 844 3522 emovit,
887 3455 953 3508 nt
994 3448 1237 3510 duobus
1266 3447 1514 3509 Petiliiis
1543 3447 1998 3522 succumberet,
2041 3463 2156 3508 vos
2186 3445 2261 3506 de
2285 3441 2347 3501 P.
