2548 3950
333 182 455 245 102
600 180 830 240 LIBER
856 178 1121 239 xxxm.
1168 177 1332 238 cAP.
1359 186 1450 238 αι.
1479 187 1568 238 22.
1615 179 2024 256 [a.1J.c.5⁵5]

495 335 644 396 Cum
670 330 772 392 hic
803 338 998 392 status
1027 345 1232 390 rerum
1271 327 1333 388 in
1363 327 1520 392 Asia
1560 326 1944 404 Graeciaque
1985 336 2048 389 et
2087 328 2304 389 Mace·

328 417 514 480 donia
542 425 741 487 esset,
784 414 1040 475 vixdum
1068 413 1392 475 terminato
1421 428 1562 473 cum
1582 411 1865 487 Philippo
1896 413 2060 473 bello
2077 459 2093 485 ‚
2138 428 2306 489 pace

327 510 495 564 certe
544 501 819 562 nondum
858 506 1238 574 perpetrata,
1295 496 1514 572 ingens
1555 494 1619 555 in
1658 495 1960 572 Hispania
1997 495 2309 557 ulteriore

327 593 608 650 coortum
640 593 737 645 est
763 583 1009 643 bellum.
1078 581 1162 642 M.
1190 580 1449 641 Helvius
1479 596 1618 641 eam
1644 579 2026 656 provinciam
2057 578 2305 642 obtine-

324 671 449 731 bat.
526 669 581 730 is
608 667 827 729 litteris
858 674 1139 726 senatum
1168 663 1496 726 certiorem
1525 663 1672 724 fecit
1700 663 1990 725 Culcham
2020 671 2084 724 et
2107 661 2305 725 Luxi-

326 753 493 815 nium
521 753 773 828 regulos
800 750 864 811 in
893 750 1078 810 armis
1108 766 1285 822 esse;
1317 764 1456 809 cum
1472 747 1702 811 Culcha
1729 749 1947 809 decem
1969 754 2032 809 et
2057 757 2305 824 septem

328 836 590 914 oppida,
624 851 765 896 cum
790 833 1051 895 Luxinio
1082 833 1321 894 validas
1349 833 1538 894 urbes
1570 831 1930 894 Carmonem
1971 840 2035 893 et
2059 833 2304 894 Bardo·

328 938 469 983 nem
508 920 570 980 in
612 917 911 980 maritima
953 934 1062 978 ora
1098 915 1439 977 Malacinos
1481 916 1954 993 Sexetanosque
1983 924 2045 977 et
2073 917 2304 978 Baetu-

327 1007 480 1067 riam
509 1020 771 1077 omnem,
802 1011 863 1064 et
892 1018 1053 1077 quae
1075 1002 1348 1062 nondum
1369 999 1611 1062 animos
1633 999 2018 1072 nudaverint,
2051 1001 2135 1060 ad
2164 1001 2303 1060 fini-

327 1090 612 1151 timorum
652 1095 856 1148 motus
897 1092 1388 1146 consurrectura.
1468 1082 1568 1146 his
1609 1083 1826 1146 litteris
1867 1100 1906 1145 a
1951 1085 2032 1144 M.
2053 1083 2302 1160 Sergio

327 1179 635 1249 praetore,
664 1169 839 1232 cuius
869 1167 1207 1230 iurisdictio
1237 1168 1398 1230 inter
1426 1166 1583 1228 civis
1614 1169 1702 1246 [et
1725 1167 2116 1247 peregrinos]
2149 1177 2301 1242 erat,

327 1254 601 1318 recitatis
632 1255 1042 1316 decreverunt
1068 1260 1277 1328 patres
1293 1299 1308 1327 ,
1360 1260 1427 1314 ut
1468 1251 1732 1314 comitiis
1774 1261 2129 1328 praetorum
2155 1265 2304 1330 ‘per-

332 1340 541 1415 fectis,
600 1339 700 1403 cui
748 1336 1021 1416 praetori
1076 1335 1396 1413 provincia
1445 1335 1747 1412 Hispania
1797 1337 2188 1412 obvenisset,
2247 1336 2304 1398 is

330 1425 530 1503 primo
579 1440 833 1502 quoque
870 1433 1148 1498 tempore
1188 1422 1267 1482 de
1309 1423 1472 1482 bello
1515 1420 1852 1496 Hispaniae
1893 1422 1975 1482 ad
2015 1429 2304 1484 senatum

330 1511 606 1569 referret.

496 1591 683 1652 XXII.
725 1591 855 1651 Sub
884 1590 1048 1652 idem
1077 1598 1320 1667 tempus
1353 1592 1646 1653 consules
1673 1591 1932 1652 Romam
1973 1599 2300 1664 venerunt,

334 1675 561 1752 quibus
589 1673 653 1734 in
682 1675 841 1734 aede
866 1674 1162 1735 Bellonae
1203 1682 1484 1735 senatum
1525 1674 1894 1737 habentibus
1937 1674 2300 1750 postulanti-

332 1761 579 1835 busque
618 1756 991 1833 triumphum
1030 1758 1109 1817 ob
1149 1773 1253 1818 res
1295 1774 1598 1835 prospere
1639 1759 1803 1821 bello
1833 1766 2043 1834 gestas
2075 1759 2140 1821 C.
2167 1758 2300 1820 Ati-

334 1843 474 1904 nius
503 1843 709 1902 Labeo
742 1847 803 1902 et
826 1839 889 1902 C.
920 1839 1214 1902 Afranius
1242 1840 1470 1903 tribuni
1499 1842 1732 1918 plebiS‚
1761 1850 1829 1905 ut
1856 1844 2195 1919 separatim
2223 1843 2302 1904 de

333 1925 639 2003 triumpho
671 1931 925 2002 agerent
966 1927 1289 2002 consuleS,
1330 1929 1757 2003 postularunt:
1801 1943 2190 1990 communem
2231 1942 2302 1989 se

332 2008 693 2073 relationem
722 2010 803 2070 de
830 2026 907 2071 ea
933 2026 1001 2071 re
1031 2009 1164 2071 fieri
1193 2027 1317 2072 non
1347 2027 1682 2087 passurOS‚
1727 2028 1807 2073 ne
1848 2028 1962 2088 par
1999 2012 2206 2075 honos
2237 2011 2301 2073 in

336 2094 572 2171 dispari
612 2094 825 2156 merito
867 2103 1055 2157 esset.
1148 2110 1290 2156 cum
1333 2095 1402 2170 Q.
1429 2095 1740 2158 Minucius
1781 2096 2023 2172 utrique
2065 2096 2300 2159 Italiam

334 2176 719 2257 provinciam
748 2178 1045 2255 obtigisse
1068 2178 1318 2255 diceret,
1349 2180 1660 2242 communi
1681 2179 1883 2243 animo
1909 2179 2300 2257 consilioque

337 2280 406 2325 se
458 2274 520 2326 et
569 2265 871 2341 collegam
918 2280 1023 2326 res
1074 2265 1382 2341 gessisse,
1432 2273 1495 2327 et
1535 2266 1598 2325 G.
1642 2264 1962 2327 Cornelius
2025 2264 2303 2325 adiceret

334 2347 527 2411 Boios
556 2350 861 2410 adversus
892 2364 963 2411 se
994 2348 1500 2425 transgredientis
1527 2349 1791 2423 Padum,
1839 2356 1907 2411 ut
1934 2349 2298 2411 Insubribus

338 2431 834 2507 Cenomanisque
863 2432 1093 2493 auxilio
1124 2441 1366 2506 essent,
1419 2434 1838 2511 depopulante
1876 2430 2053 2496 vicos
2085 2448 2299 2495 eorum

338 2522 524 2589 atque
552 2530 738 2589 agros
770 2516 1009 2589 collega
1037 2517 1118 2576 ad
1141 2532 1255 2578 sua
1283 2517 1513 2578 tuenda
1552 2534 1812 2580 aversos
1855 2533 2032 2592 esse,
2073 2516 2298 2578 tribuni

335 2614 439 2657 res
468 2605 668 2659 tantas
695 2598 859 2659 bello
889 2598 1169 2673 gessisse
1198 2599 1261 2661 C.
1293 2600 1636 2663 Cornelium
1664 2600 1871 2675 fateri,
1912 2608 1979 2662 ut
2018 2617 2144 2663 non
2174 2617 2298 2662 ma-

338 2682 435 2755 gis
467 2680 545 2740 de
584 2680 893 2755 triumpho
937 2680 1072 2743 eius
1117 2700 1302 2758 quam
1332 2684 1410 2746 de
1439 2685 1678 2747 honore
1707 2685 1826 2747 diis
1854 2684 2309 2761 immortalibus·

335 2763 623 2824 habendo
656 2764 917 2827 dubitari
945 2767 1166 2841 possit.
1211 2784 1337 2829 non
1366 2776 1568 2831 tamen
1602 2786 1717 2831 nec
1746 2769 1914 2831 illum
1942 2786 2058 2831 nec
2089 2785 2299 2844 quem·

340 2863 524 2923 quam
566 2847 748 2910 alium
792 2848 991 2909 civem
1038 2858 1270 2913 tantum
1313 2854 1507 2928 gratia
1535 2861 1722 2931 atque
1752 2852 1977 2930 opibus
2004 2853 2299 2929 valuisse,

337 2940 405 2994 ut
449 2948 588 2995 cum
632 2932 750 2994 sibi
798 2933 1079 2995 meritum
1126 2936 1499 3012 triumphum
1548 2938 1972 3015 impetrasset,
2022 2939 2298 3013 collegae

338 3018 603 3079 eundem
646 3018 944 3079 honorem
981 3018 1346 3083 immeritum
1387 3022 1776 3099 impudenter
1828 3021 2061 3099 petenti
2103 3024 2296 3085 daret.

339 3100 407 3175 Q.
435 3102 767 3165 Minucium
797 3102 859 3163 in
899 3100 1225 3179 Liguribus
1267 3106 1429 3167 levia
1456 3106 1723 3183 proelia,
1752 3106 1859 3166 vix
1897 3106 2080 3183 digna
2110 3107 2296 3181 dictu,

338 3185 597 3262 fecisse,
641 3187 705 3249 in
746 3186 939 3248 Gallia
977 3205 1266 3266 magnum
1319 3207 1641 3253 numerum
1681 3189 1938 3251 militum
1977 3190 2294 3253 amisisse:

338 3269 691 3363 nominatim
724 3271 903 3331 etiam
934 3271 1211 3335 tribunos
1239 3273 1512 3351 militum,
1539 3276 1605 3335 T.
1624 3274 1968 3336 Iuventium
1997 3274 2102 3336 Cn.
2115 3274 2296 3350 Ligu-

338 3348 494 3408 rium
537 3352 799 3425 legionis
840 3363 1124 3429 quartae,
1176 3358 1440 3418 adversa
1484 3375 1692 3434 pugna
1732 3374 1872 3420 cum
1913 3357 2118 3420 multis
2157 3356 2296 3419 aliis

346 3429 489 3489 viris
534 3433 821 3505 fortibuS,
868 3436 1103 3499 civibus
1134 3455 1206 3499 ac
1248 3441 1468 3516 sociis,
1515 3441 1838 3504 cecidisse.
1927 3441 2298 3519 oppidorum
