2548 3950
498 247 731 309 LIBER
758 247 1023 308 xxxin.
1070 246 1235 307 CAP.
1264 254 1354 308 32.
1384 253 1470 308 33.
1501 254 1588 310 34.
1637 252 1708 320 [a.
1740 253 1806 305 e.
1838 250 1962 318 196]
2091 243 2212 310 111

246 406 507 467 fuerant.
552 401 763 462 audita
792 415 945 462 voce
964 399 1293 476 praeconis
1323 399 1520 462 maius
1549 400 1838 478 gaudium
1869 402 1997 478 fuit,
2030 419 2215 480 quam

246 487 422 566 quod
446 485 807 548 universum
840 483 1121 546 homines
1163 483 1535 560 acciperent.
1621 485 1729 545 vix
1771 485 1921 548 satis
1957 488 2213 548 credere

245 589 320 634 se
350 569 619 647 quisque
646 567 930 643 audisse,
975 576 1037 630 et
1064 567 1168 630 alii
1196 568 1354 631 alios
1377 567 1629 644 intueri,
1671 569 2018 632 mirabundi
2043 573 2216 632 velut

243 656 325 717 ad
356 653 581 716 somnii
609 669 829 716 vanam
860 651 1163 728 speciem:
1197 653 1367 729 quod
1397 653 1478 714 ad
1510 669 1820 730 quemque
1848 653 2214 730 pertinebat,

244 755 499 802 suarum
529 737 766 798 aurium
790 735 936 797 fidei
963 735 1280 798 minimum
1302 738 1649 812 credentes,
1681 739 2002 814 proximos
2029 739 2214 800 inter-

244 823 566 900 rogabant.
596 828 928 882 revocatus
953 836 1202 897 praeco,
1230 836 1370 882 cum
1390 820 1826 899 unusquisque
1849 839 1974 884 non
1999 821 2216 885 audire

242 907 433 968 modo
477 907 593 968 sed
632 905 843 966 videre
884 902 1180 966 libertatis
1222 920 1375 966 suae
1402 907 1677 968 nuntium
1707 915 1948 982 averet,
1997 907 2217 969 iterum

244 989 662 1068 pronuntiavit
691 989 926 1050 eadem.
970 996 1097 1049 tum
1124 989 1201 1050 ab
1233 996 1401 1051 certo
1431 987 1552 1050 iam
1580 990 1808 1067 gaudio
1839 999 2045 1052 tantus
2075 1007 2216 1052 cum

246 1076 516 1138 clamore
544 1074 803 1150 plausus
834 1080 931 1135 est
961 1079 1131 1136 ortus
1161 1071 1514 1150 totiensque
1553 1073 1883 1150 repetitus,
1927 1084 1995 1136 ut
2035 1073 2214 1136 facile

240 1166 574 1236 appareret
602 1157 750 1218 nihil
774 1158 1041 1218 omnium
1062 1157 1366 1220 bonorum
1387 1156 1752 1220 multitudini
1773 1157 2004 1236 gratius
2030 1175 2214 1235 quam

242 1244 584 1305 libertatem
615 1258 779 1303 esse.
823 1239 1124 1302 ludicrum
1146 1241 1373 1305 deinde
1396 1243 1480 1304 ita
1500 1241 1723 1318 raptim
1745 1251 2065 1319 peractum
2096 1252 2203 1318 est,

241 1335 313 1390 ut
340 1327 566 1388 nullius
607 1341 724 1388 nec
764 1324 952 1386 animi
993 1341 1109 1388 nec
1140 1326 1302 1388 oculi
1333 1328 1692 1401 spectaculo
1721 1325 1937 1388 intenti
1968 1335 2209 1388 essent:

242 1412 405 1474 adeo
454 1428 644 1473 unum
693 1410 984 1486 gaudium
1024 1418 1600 1487 praeoccupaverat
1641 1409 1913 1472 omnium
1956 1411 2210 1472 aliarum

243 1511 502 1558 sensum
530 1495 954 1571 voluptatium.
1034 1493 1301 1554 XXXIII.
1343 1493 1506 1556 ludis
1535 1510 1689 1556 vero
1719 1492 1994 1556 dimissis
2025 1510 2212 1562 cursu

241 1596 444 1659 prope
467 1596 682 1642 omnes
705 1579 959 1641 tendere
981 1579 1063 1640 ad
1082 1577 1512 1654 imperatorem
1525 1578 1887 1652 Romanum,
1913 1587 1980 1640 ut
1994 1587 2212 1641 ruente

240 1665 423 1727 turba
449 1663 511 1724 in
543 1681 727 1725 unum
757 1661 947 1738 adire,
979 1660 1336 1738 contingere
1365 1662 1645 1725 dextram
1674 1660 2072 1739 cupientium,
2107 1679 2210 1724 co-

238 1765 431 1810 ronas
486 1748 944 1823 lemniscosque
1000 1745 1382 1821 iacientium,
1440 1748 1606 1809 haud
1654 1748 1873 1824 procul
1931 1747 2212 1824 periculo

244 1834 445 1895 fuerit.
530 1833 645 1894 sed
674 1839 806 1892 erat
832 1831 1011 1892 trium
1042 1827 1233 1893 ferme
1262 1839 1325 1893 et
1345 1831 1590 1908 triginta
1617 1849 1948 1903 annorum3
1979 1839 2043 1892 et
2073 1847 2210 1892 cum

239 1918 433 1980 robur
461 1915 766 1992 iuventae,
796 1923 922 1979 tum
952 1914 1243 1993 gaudium
1274 1932 1350 1975 ex
1385 1925 1504 1978 tam
1532 1916 1756 1994 insigni
1780 1916 1976 1994 gloria
1998 1924 2060 1978 et
2087 1917 2210 1978 fru-

242 2011 381 2065 ctus
411 2002 577 2062 vires
601 1999 1054 2077 suppeditabat.
1099 2017 1215 2063 nec
1239 2017 1541 2077 praesens
1565 2002 1984 2064 tantummodo
2010 2001 2212 2063 effusa

241 2094 342 2149 est
368 2085 614 2159 laetitia,
647 2086 762 2147 sed
790 2101 905 2162 per
930 2088 1156 2147 multos
1188 2085 1325 2147 dies
1355 2085 1545 2161 gratis
1569 2094 1630 2148 et
1651 2085 2126 2162 cogitationibus
2151 2093 2211 2147 et

242 2170 637 2233 sermonibus
659 2178 986 2231 renovata:
1018 2186 1163 2232 esse
1185 2170 1454 2245 aliquam
1475 2169 1538 2229 in
1560 2169 1738 2231 terris
1761 2178 2024 2246 gentem,
2050 2184 2210 2245 quae

242 2271 360 2317 sua
388 2255 688 2331 impensa,
719 2270 834 2315 suo
860 2254 1073 2315 labore
1100 2268 1176 2314 ac
1198 2252 1475 2328 periculo
1504 2253 1669 2314 bella
1693 2260 1869 2327 gerat
1886 2268 2002 2328 pro
2029 2251 2208 2313 liber-

243 2347 367 2401 tate
396 2338 684 2409 aliorum;
730 2354 847 2399 nec
875 2338 997 2400 hoc
1026 2337 1296 2397 finitimis
1329 2344 1432 2397 aut
1459 2334 1849 2412 propinquae
1877 2333 2208 2397 vicinitatis

238 2422 593 2485 hominibus
623 2430 730 2483 aut
756 2422 936 2485 terris
966 2419 1302 2483 continenti
1331 2419 1556 2482 iunctis
1586 2427 1892 2496 praestetz
1937 2420 2053 2481 sed
2082 2436 2207 2479 ma·

238 2506 335 2569 ria
376 2504 641 2579 traiciat,
688 2524 765 2568 ne
810 2506 981 2582 quod
1018 2513 1143 2568 toto
1188 2506 1338 2566 orbe
1367 2512 1664 2567 terrarum
1695 2505 1986 2568 iniustum
2015 2502 2208 2581 impe·

236 2591 401 2653 rium
429 2592 535 2663 sit,
570 2589 801 2666 ubique
831 2590 929 2652 ius
962 2590 1055 2652 fas
1084 2590 1189 2651 lex
1215 2590 1648 2665 potentissima
1677 2587 1817 2651 sint.
1897 2605 2023 2651 una
2051 2603 2209 2651 voce

242 2674 573 2753 praeconis
627 2673 915 2736 liberatas
958 2672 1160 2735 omnis
1202 2674 1498 2735 Graeciae
1539 2682 1727 2751 atque
1766 2673 1958 2737 Asiae
1999 2675 2208 2734 urbes.

238 2761 365 2822 hoc
395 2775 510 2834 spe
541 2758 872 2835 concipere
900 2758 1155 2820 audacis
1186 2758 1372 2819 animi
1402 2757 1629 2835 fuisse,
1673 2758 1755 2819 ad
1779 2758 2070 2820 effectum
2099 2756 2206 2817 ad-

239 2845 472 2906 ducere
501 2852 563 2906 et
588 2841 828 2907 virtutis
856 2852 920 2904 et
949 2845 1228 2905 fortunae
1256 2841 1542 2919 ingentis.

406 2928 676 2989 XXXIV.
708 2927 1059 2989 Secundum
1084 2926 1335 2989 Isthmia
1351 2926 1667 3001 Quinctius
1690 2936 1752 2989 et
1779 2928 1996 2989 decem
2023 2923 2210 3002 legati

240 3009 584 3088 legationes
625 3028 836 3089 regum
882 3012 1278 3088 gentiumque
1320 3013 1635 3074 audivere.
1717 3010 1898 3087 primi
1933 3008 2208 3073 omnium

235 3096 405 3173 regis
426 3096 715 3157 Antiochi
736 3097 939 3157 vocati
970 3095 1153 3173 legati
1184 3104 1348 3158 sunt.
1391 3096 1466 3157 iis
1490 3098 1709 3158 eadem
1734 3095 1880 3169 sere,
1908 3110 2070 3169 quae
2082 3092 2205 3153 Ro-

236 3196 377 3241 mae
406 3187 688 3256 egerant,
735 3180 923 3241 verba
962 3181 1095 3241 sine
1124 3180 1248 3240 fide
1279 3196 1484 3241 rerum
1512 3176 1880 3240 iactantibus
1905 3175 2054 3237 nihil
2084 3176 2204 3235 iam

236 3264 537 3341 perplexe
564 3273 634 3327 ut
660 3270 819 3339 ante,
853 3280 992 3325 cum
1015 3263 1236 3326 dubiae
1258 3280 1362 3324 res
1385 3260 1676 3325 incolumi
1702 3260 1988 3337 Philippo
2011 3263 2201 3333 erant,

238 3348 355 3409 sed
374 3355 589 3425 aperte
612 3348 1048 3423 denuntiatum,
1071 3354 1139 3409 ut
1166 3348 1499 3409 excederet
1517 3344 1709 3409 Asiae
1736 3345 2011 3418 urbibuS,
2043 3360 2208 3419 quae

234 3430 501 3509 Philippi
530 3440 637 3495 aut
660 3432 992 3495 Ptolemaei
1018 3449 1234 3509 regum
1277 3431 1570 3506 fuissent,
1611 3429 1948 3491 abstineret
1990 3424 2204 3489 liberis

236 3514 623 3593 civitatibus,
668 3536 791 3583 neu
818 3539 1111 3599 umquam
1141 3523 1478 3583 lacesseret
1504 3514 1721 3577 armis:
1774 3522 1836 3576 et
1863 3514 1926 3575 in
1955 3528 2114 3590 pace
2141 3519 2212 3573 et.
