2548 3950
639 222 871 283 LIBER
897 223 1108 284 XXXI.
1155 223 1468 286 cimas.
1496 232 1547 288 7.
1592 229 1904 298 [acam]
2216 223 2257 284 5

293 374 652 449 Aureliique
693 373 891 434 lectae
935 379 996 433 et
1023 373 1206 447 legati
1233 372 1703 434 Atheniensium
1731 373 1940 434 auditi.
2002 381 2254 436 senatus

289 459 433 520 inde
477 457 824 518 consultum
867 457 1094 516 factum
1141 462 1263 529 est,
1306 463 1373 516 ut
1408 456 1600 518 ’sociis
1634 456 1871 530 gratiae
1913 453 2255 534 agerentur,

289 542 459 619 quod
490 539 595 601 diu
623 537 930 601 sollicitati
953 552 1032 600 ne
1055 539 1398 600 obsidionis
1428 539 1677 614 quidem
1699 547 1862 600 metu
1888 540 2013 600 fide
2036 540 2253 602 deces-

287 627 539 686 sissent.
587 623 666 683 de
694 622 922 682 auxilio
953 623 1245 682 mittendo
1274 628 1401 682 tum
1425 621 1797 697 responderi
1819 624 2084 697 placere,
2116 639 2253 685 cum

289 707 582 771 consules
625 705 980 780 provincias
1023 705 1220 765 sortiti
1263 714 1505 780 essen-t,
1547 712 1732 784 atque
1774 705 1831 766 is
1864 709 2111 782 consul,
2155 708 2254 770 cui

285 788 652 852 Macedonia
694 787 1015 863 provincia
1051 787 1395 863 evenisset,
1439 790 1521 850 ad
1548 790 1849 866 populum
1876 789 2142 866 tulisset,
2186 797 2251 852 u?

287 874 571 949 Philip-po
599 873 730 947 regi
757 871 1167 932 Macedonum
1187 871 1567 932 indiceretur
1592 873 1837 933 bellum.

447 957 554 1016 VI.
596 955 663 1015 P.
692 953 968 1030 'Sulpicio
999 954 1319 1030 provincia
1347 951 1711 1016 Macedonia
1736 956 1887 1016 sorti
1918 956 2139 1030 evenit,
2168 956 2251 1028 is-

283 1057 407 1117 que
456 1037 837 1117 rogationem
885 1039 1325 1114 promulgavit,
1376 1039 1603 1100 vellent
1648 1038 1927 1100 iuberent
1970 1037 2251 1116 Philippo

287 1125 412 1199 regi
437 1121 1040 1196 Macedonibusque,
1086 1123 1189 1196 qui
1219 1121 1339 1182 sub
1378 1135 1571 1197 regno
1619 1123 1753 1184 eius
1776 1130 2015 1198 essent,
2046 1123 2128 1184 ob
2157 1124 2248 1184 in·

289 1207 474 1268 'urias
515 1219 809 1280 armaque
849 1205 1014 1265 illata
1041 1206 1230 1266 sociis
1261 1206 1475 1282 populi
1502 1206 1759 1268 Romani
1784 1205 2013 1266 bellum
2042 1207 2245 1267 indici.

275 1291 454 1352 alteri
485 1291 807 1350 consulum
834 1288 1088 1349 Aurelio
1115 1289 1287 1350 Italia
1309 1289 1627 1364 provincia
1650 1289 1879 1364 obtigit.
1924 1299 2245 1364 praetores

281 1374 508 1434 exinde
535 1371 729 1434 sortiti
767 1376 938 1446 sunt,
984 1371 1046 1432 C.
1075 1371 1331 1446 Sergius
1359 1373 1619 1432 Plancus
1648 1374 1965 1446 urbanam,
2011 1372 2080 1447 Q.
2106 1373 2245 1432 Ful·

283 1458 418 1518 vius
445 1456 604 1516 Gillo
632 1454 921 1529 Siciliam,
954 1455 1020 1528 Ω.
1051 1455 1357 1516 Minucius
1387 1455 1585 1516 Rufus
1611 1455 1902 1529 Bruttios,
1930 1456 1999 1516 L.
2021 1455 2244 1516 Furius

279 1539 580 1616 Purpurio
621 1539 895 1600 Galliam.
966 1539 1204 1614 rogatio
1249 1541 1336 1598 <le
1377 1539 1537 1599 bello
1579 1539 1979 1601 Macedonico
2029 1539 2245 1616 primis

277 1623 543 1684 comitiis
586 1622 665 1682 ab
721 1621 1006 1683 omnibus
1057 1623 1250 1682 ferme
1305 1624 1595 1684 centuriis
1644 1623 1959 1699 antiquata
2005 1629 2123 1684 est.
2176 1624 2245 1684 id

278 1721 420 1767 cum
445 1705 601 1768 fessi
645 1705 1035 1767 diuturnitate
1063 1712 1124 1766 et
1149 1707 1448 1782 gravitate
1472 1707 1617 1766 belli
1643 1723 1763 1766 sua
1792 1715 2013 1782 sponte
2050 1707 2239 1767 homi—

275 1805 388 1851 nes
435 1789 647 1852 'taetiio
705 1787 1120 1861 periculorum
1179 1790 1579 1866 laborumque
1632 1791 1903 1850 feeerant
1916 1836 1933 1864 ,
1990 1799 2118 1850 eum
2173 1789 2241 1863 Q.

274 1871 544 1954 Baebius
573 1872 850 1933 tribunus
881 1873 1100 1948 plebis,
1129 1875 1290 1934 viam
1320 1873 1633 1947 antiquam
1656 1872 2013 1934 criminandi
2032 1881 2242 1948 patres

274 1956 630 2033 ingressus,
674 1957 1067 2019 incusaverat
1103 1955 1266 2018 bella
1304 1973 1389 2019 ex
1416 1957 1593 2017 baliis
1624 1956 1779 2034 ser-i,
1822 1972 1902 2018 ne
1928 1965 2084 2033 paee
2112 1973 2231 2019 um-

277 2054 464 2117 quam
487 2042 604 2101 nm
624 2040 802 2116 plebs
825 2047 1061 2117 posset.
1109 2055 1294 2117 aegre
1316 2054 1449 2101 eam
1474 2056 1603 2100 rem
1628 2042 1801 2117 passi
1826 2049 2053 2117 patrea
2072 2043 2239 2102 laee-

277 2132 570 2201 ratusque
614 2124 857 2199 probris
899 2124 958 2184 in
991 2131 1210 2187 senatu
1249 2126 1529 2185 tribunus
1558 2126 1793 2199 plebis3
1836 2135 1897 2187 et
1926 2126 2241 2185 con-sulem

273 2223 390 2285 pro
428 2224 500 2269 se
542 2208 808 2283 quisque
848 2207 1110 2281 hortari,
1151 2216 1220 2269 ut
1260 2210 1341 2269 de
1382 2209 1619 2282 integro
1650 2210 1894 2269 comitia
1934 2208 2239 2283 rogationi

273 2292 568 2354 ferendae
597 2292 904 2363 ediceret,
949 2290 1401 2365 castigaretque
1442 2290 1763 2365 segnitiam
1802 2292 2015 2365 populi
2053 2298 2241 2363 atque

269 2376 582 2448 edoceret,
601 2382 828 2450 quanto
854 2376 1078 2436 damno
1096 2374 1519 2449 dedecorique
1544 2374 1751 2435 dilatio
1774 2389 1851 2435 ea
1873 2373 2015 2434 belli
2040 2375 2240 2433 futura

274 2466 464 2520 esset.
522 2458 652 2518 VII.
698 2461 918 2519 consul
947 2459 1009 2517 in
1035 2472 1258 2533 eampo
1287 2456 1505 2519 Martio
1542 2458 1833 2533 comitiiS,
1876 2457 2239 2533 priusquam

273 2539 582 2603 centurias
611 2542 673 2601 in
697 2542 1055 2617 suffragium
1077 2544 1355 2616 mitteret,
1387 2542 1673 2603 contione
1696 2543 1997 2603 advocata
2024 2542 2237 2616 „igno-

273 2630 453 2686 rare“
481 2626 682 2701 inquit
719 2625 908 2698 „mihi
935 2626 1256 2701 videmini,
1300 2625 1591 2699 QuiriteS,
1632 2642 1754 2687 non
1790 2636 1985 2687 utrum
2013 2626 2235 2685 bellum

272 2724 354 2771 an
383 2722 603 2785 pacem
645 2709 922 2769 habeatis
951 2725 1068 2769 vos
1101 2709 1342 2773 consuli
1368 2744 1441 2755 -—
1466 2724 1671 2785 neque
1700 2710 1858 2770 enim
1884 2708 2144 2769 liberum
2172 2706 2239 2768 id

270 2792 457 2853 vobis
485 2791 806 2870 Philippus
850 2794 1182 2870 permittet,
1225 2793 1331 2867 qui
1369 2801 1533 2855 terra
1560 2793 1835 2869 marique
1865 2792 2079 2868 ingens
2106 2791 2235 2851 bel-

271 2878 398 2937 lum
426 2877 671 2940 molitur
689 2906 804 2951 --,
834 2876 950 2937 sed
979 2885 1176 2937 utrum
1205 2878 1267 2937 in
1284 2876 1714 2938 Macedoniam
1735 2878 2011 2952 legiones
2034 2882 2231 2935 trans·
2285 2925 2289 2929 .

271 2960 564 3037 portetiS,
617 2974 696 3020 an
738 2960 952 3021 hostes
994 2962 1056 3021 in
1099 2959 1333 3023 Italiam
1372 2959 1709 3037 accipiatis.
1780 2962 1901 3020 hoc
1941 2966 2234 3035 quantum

269 3042 541 3117 intersit,
593 3045 648 3104 si
689 3058 1024 3119 numquam
1075 3044 1226 3106 alias
1267 3045 1501 3105 Punico
1544 3046 1825 3121 proximo
1870 3050 2033 3103 certe
2072 3040 2233 3099 bello

271 3128 512 3204 experti
543 3126 713 3189 estis.
789 3128 926 3203 quis
956 3129 1115 3188 enim
1143 3128 1407 3203 dubitat,
1451 3129 1615 3204 quin,
1654 3128 1708 3187 si
1739 3123 2093 3200 Saguntinis
2124 3123 2231 3183 ob-

271 3211 471 3272 sessis
493 3211 804 3287 fidemque
826 3216 1096 3272 nostram
1118 3211 1579 3287 implorantibus
1603 3210 1859 3285 impigre
1880 3210 2233 3271 tulissemus

269 3310 486 3370 opem,
528 3295 690 3355 sicut
728 3302 938 3369 patres
985 3295 1178 3356 nostri
1216 3292 1591 3355 Mamertinis
1621 3294 1907 3365 tulerant,
1951 3299 2142 3355 totum
2170 3291 2232 3349 in

269 3375 634 3454 Hispaniam
657 3378 931 3438 aversuri
953 3378 1180 3439 bellum
1203 3376 1515 3450 fuerimuS,
1535 3378 1703 3453 quod
1725 3378 2067 3439 cunctando
2092 3390 2230 3435 cum

271 3478 513 3522 summa
553 3462 728 3521 clade
769 3468 980 3522 nostra
1020 3462 1080 3521 in
1110 3463 1341 3523 ltaliam
1382 3462 1775 3539 accepimus?
1812 3476 1891 3521 ne
1918 3460 2069 3521 illud
2099 3456 2225 3533 qui·
