2548 3950
527 246 802 307 »LIBER
828 247 1122 307 XXXVII.
1168 248 1483 309 CAP.1.2.
1531 256 1603 321 [a.
1632 256 1845 322 c.190]
2054 250 2180 315 261

220 404 374 465 citer
402 408 688 477 egerunt,
725 400 1034 461 veteribus
1063 401 1401 463 benefactis
1433 418 1595 463 nova
1630 408 1963 477 pensantes
1994 404 2179 464 male-

216 486 381 549 ficia.
447 491 714 546 ceterum
764 492 825 544 et
873 492 1231 559 praesentes
1283 485 1856 560 interrogationibus
1905 487 2181 563 undique

225 576 606 644 senatorum,
661 563 1114 630 confessionem
1162 569 1359 644 magis
1402 584 1602 631 noxae
1646 586 1829 645 quam
1869 584 2179 646 responsa

219 651 717 729 exprimentium,
763 651 995 727 fatigati
1023 660 1193 727 sunt,
1235 660 1299 712 et
1338 652 1640 714 excedere
1672 654 1841 713 curia
1868 654 2024 715 iussi
2050 670 2178 714 ma·

217 752 406 813 gnum
437 741 744 797 certamen
773 734 1134 811 praebuere.
1178 736 1319 810 plus
1343 736 1434 797 ira
1456 752 1638 812 quam
1668 737 2091 797 misericordia
2117 738 2181 797 in

217 836 412 881 causa
464 835 674 881 eorum
723 820 993 896 valebat,
1043 820 1188 893 quia
1235 836 1358 879 non
1406 826 1475 881 ut
1514 819 1793 883 hostibus
1836 822 2021 881 modo
2064 821 2181 881 sed

215 912 530 981 tamquam
557 903 888 964 indomitae
915 910 976 962 et
1003 902 1346 963 insociabili
1366 904 1531 978 genti
1553 904 2019 965 succensebant.
2067 919 2178 979 per

215 990 452 1065 aliquot
493 988 628 1048 dies
669 1002 804 1048 cum
849 992 1140 1048 certatum
1181 993 1378 1061 esset,
1435 992 1749 1063 postremo
1802 1002 2005 1063 neque
2046 988 2181 1047 dari

216 1087 426 1148 neque
452 1070 663 1146 negari
692 1086 909 1147 pacem
952 1072 1198 1147 placuit.
1261 1071 1420 1131 duae
1464 1070 1861 1131 condiciones
1900 1070 1975 1131 iis
2018 1074 2179 1133 latae

217 1163 394 1217 sunt:
435 1158 534 1216 vel
579 1156 816 1217 senatui
855 1156 1110 1215 liberum
1153 1153 1467 1215 arbitrium
1510 1155 1587 1215 de
1629 1170 1699 1215 se
1744 1154 2177 1230 permitterent,

214 1242 317 1299 vel
345 1238 509 1299 mille
537 1241 827 1299 talentum
857 1239 1073 1299 darent
1097 1238 1477 1314 eosdemque
1506 1238 1738 1299 amicos
1768 1244 1955 1313 atque
1980 1236 2175 1299 inimi-

219 1340 330 1385 cos
358 1322 669 1383 haberent.
711 1322 1056 1399 exprimere
1084 1322 1469 1397 cupientibus
1496 1338 1755 1397 quarum
1780 1337 1984 1383 rerum
2015 1324 2074 1382 in
2106 1337 2177 1382 se

217 1407 528 1469 arbitrium
557 1406 797 1467 senatui
826 1406 1262 1482 permitterent,
1306 1405 1454 1465 nihil
1484 1406 1635 1465 certi
1660 1421 2031 1480 responsum
2062 1410 2173 1465 est.

219 1492 300 1551 ita
325 1488 550 1550 infecta
577 1504 732 1566 pace
763 1488 1002 1550 dimissi
1029 1489 1181 1549 urbe
1209 1489 1429 1549 eodem
1460 1490 1589 1563 die,
1618 1489 1789 1549 ltalia
1816 1488 1971 1549 intra
2002 1490 2177 1564 quin·

217 1576 418 1635 decim
447 1574 580 1633 dies
611 1574 912 1643 excedere
938 1574 1112 1635 iussi.

384 1657 534 1717 Tum
564 1658 642 1717 de
671 1659 990 1718 consulum
1015 1656 1351 1732 provinciis
1382 1664 1668 1737 coeptum
1698 1657 1796 1731 agi
1826 1662 1939 1717 est.
1996 1656 2205 1715 ambo

219 1742 540 1803 Graeciam
583 1740 925 1817 cupiebant.
983 1742 1234 1801 multum
1271 1739 1515 1800 Laelius
1538 1736 1617 1798 'in
1658 1747 1875 1800 senatu
1916 1746 2173 1814 poterat.

214 1826 300 1899 is,
334 1840 472 1885 cum
501 1832 752 1886 senatus
783 1832 886 1885 aut
915 1825 1117 1885 sortiri
1134 1822 1250 1884 ‘aut
1280 1838 1637 1897 comparare
1659 1824 1815 1883 inter
1836 1840 1905 1883 se
1929 1824 2175 1898 provin-

217 1910 348 1970 cias
379 1910 670 1969 consules
699 1908 1018 1984 iussisset,
1049 1908 1387 1983 elegantius
1419 1908 1689 1967 facturos
1720 1907 1901 1982 dixit,
1939 1906 1993 1966 si
2023 1908 2185 1967 iudi-'

217 1995 312 2057 cio
344 1999 586 2068 patrum
615 2009 794 2068 quam
826 1993 882 2054 si
922 1993 1070 2054 sorti
1111 2009 1244 2054 eam
1287 2006 1417 2050 rem
1461 1991 1905 2066 permisissent.
1966 1989 2175 2066 Scipio

217 2091 526 2152 responso
555 2077 636 2136 ad
664 2075 786 2138 hoc
815 2077 992 2152 dato,
1045 2076 1449 2151 cogitaturum
1492 2075 1642 2149 quid
1682 2074 1798 2135 sibi
1830 2074 2175 2135 faciendum

217 2167 416 2235 esset,
469 2175 608 2221 cum
649 2161 834 2221 fratre
860 2176 986 2221 uno
1029 2162 1301 2232 loeutus,
1353 2159 1691 2234 iussusque
1722 2159 1799 2218 ab
1828 2174 1909 2218 eo·
1927 2159 2177 2233 permit-

212 2251 344 2304 tere
366 2244 657 2305 audacter
679 2244 934 2316 senatui,
965 2241 1270 2304 renuntiat
1292 2243 1567 2316 collegae
1590 2243 1889 2302 facturum
1908 2255 1979 2300 se
2005 2241 2177 2316 quod

216 2328 270 2387 is
301 2335 600 2388 censeret.
656 2343 794 2388 cum
819 2342 924 2388 res
955 2334 1061 2388 aut
1088 2343 1252 2389 nova
1280 2333 1385 2387 aut
1422 2331 1725 2387 vetustate
1755 2327 2177 2399 exemplorum

213 2413 546 2472 memoriae
586 2412 706 2472 iam
748 2413 1028 2478 exoletae
1069 2413 1263 2472 relata
1314 2409 1775 2486 exspectatione
1828 2408 2177 2468 certaminis

215 2493 499 2556 senatum
529 2497 856 2569 erexisset,
907 2495 972 2554 P.
1007 2494 1213 2570 Scipio
1256 2495 1588 2554 Africanus
1630 2493 1811 2566 dixit,
1864 2491 1918 2552 si
1944 2491 2013 2551 L.
2043 2490 2176 2552 Sei·

214 2580 383 2654 pioni
411 2579 582 2639 fratri
609 2594 726 2641 suo
754 2579 1134 2655 provinciam
1165 2579 1480 2640 Graeciam
1510 2577 1958 2648 decrevissent,
1992 2590 2063 2636 se
2091 2577 2174 2634 le-

212 2669 419 2736 gatum
459 2664 699 2736 iturum.
762 2663 918 2723 haee
957 2679 1084 2724 vox
1126 2677 1347 2738 magno
1388 2662 1659 2722 adsensu
1701 2661 1907 2723 audita
1934 2659 2179 2720 sustulit

216 2753 540 2806 certamen.
601 2745 867 2822 experiri
909 2747 1164 2819 libebat,
1208 2754 1410 2807 utrum
1452 2747 1592 2820 plus
1621 2741 1754 2819 regi
1784 2743 2085 2804 Antiocho
2114 2743 2177 2802 in

211 2825 554 2890 HanniBale
576 2829 738 2891 victo
769 2845 846 2890 an
874 2831 936 2888 in
967 2830 1198 2890 victore
1219 2829 1511 2890 Africano
1536 2829 1774 2890 consuli
1802 2826 2177 2904 legionibus-

216 2927 340 2986 que
385 2913 681 2974 Romanis
739 2913 947 2974 auxilii
1002 2914 1208 2982 soret,
1257 2913 1332 2972 ac
1388 2929 1588 2988 prope
1638 2927 1851 2973 omnes
1905 2909 2178 2986 Scipioni

215 2995 801 3068 Graeciam,'Laelio
832 2998 1065 3056 Italiam
1093 2997 1516 3057 decreverunt.
1570 2997 1643 3055 Π.
1690 3002 2009 3071 praetores
2033 2993 2178 3052 inde

211 3079 566 3153 provincias
619 3080 814 3142 sortiti
867 3087 1038 3152 sunt,
1088 3079 1167 3137 L..
1197 3078 1648 3140 Aurunculeius
1689 3079 2013 3149 urbanam,
2068 3075 2173 3136 Cn.

208 3161 462 3222 Fulvius
493 3165 876 3238 peregrinam
896 3209 911 3238 ,
942 3163 1008 3222 L.
1031 3162 1329 3222 Aemilius
1350 3162 1626 3236 Regillus
1657 3164 1921 3222 classem
1940 3205 1955 3232 ‚
1984 3159 2047 3218 P.
2077 3160 2173 3220 Iu·

210 3245 354 3305 nius
382 3245 608 3307 Brutus
635 3247 902 3321 TuscoS,
948 3247 1030 3307 M.
1058 3245 1323 3308 Tuccius
1351 3244 1637 3321 Apuliam
1679 3251 1740 3305 et
1763 3243 2032 3306 Bruttios
2049 3290 2065 3318 ‚
2110 3243 2173 3302 C.

209 3327 455 3390 Atinius
501 3329 787 3391 Siciliam.
851 3332 1089 3392 consuli
1139 3330 1362 3390 deinde
1412 3329 1510 3390 cui
1552 3329 1811 3390 Graecia
1837 3408 1839 3410 .
1857 3326 2177 3404 provincia

211 3411 463 3474 decreta
489 3421 634 3489 erat,
667 3415 748 3475 ad
772 3429 911 3474 eum
933 3416 1269 3475 exercitum
1301 3429 1483 3488 quem
1506 3429 1544 3473 a
1562 3413 1663 3474 Μ’.
1686 3411 1887 3474 Acilio
1908 3442 1993 3454 --
2016 3410 2176 3471 duae

211 3502 416 3557 autem
446 3495 722 3572 legiones
753 3504 1032 3560 erant-
1055 3506 1423 3574 accepturus
1454 3505 1648 3576 esset,
1691 3498 1752 3558 in
1784 3497 2173 3574 supplemen-
