2548 3950
267 202 270 210 ’
329 206 454 269 276
599 205 830 267 LIBER
859 204 1152 264 XXXVII.
1199 204 1363 264 CAP.
1398 212 1482 267 ιτ.
1512 212 1595 266 18.
1642 211 1716 277 [a.
1743 208 2037 275 nassa]
2085 274 2087 276 ,

329 362 558 433 gerent.
629 353 853 414 Rhodii
891 354 1038 415 moti
1069 353 1398 429 precibus,
1456 353 1726 414 Eumene
1768 355 1947 415 etiam
1988 368 2138 429 rege
2184 354 2305 414 ad2

329 445 592 516 sumpto,
621 437 800 498 simul
828 453 976 499 suas
1007 436 1489 497 necessitudines
1520 438 2075 511 commemorando,
2106 438 2295 498 simul

331 526 631 585 obsessae
673 522 846 597 regio
886 520 1198 597 praesidio
1239 520 1409 583 urbis
1451 536 1663 581 casum
1706 520 2051 584 miserando
2083 522 2297 596 pervi-

329 614 556 681 cerunt,
588 612 653 667 ut
681 605 1140 680 oppugnatione
1171 604 1595 665 abstineretur.
1641 604 1898 678 profecti
1927 604 2069 665 inde
2102 620 2297 679 paca·

332 690 405 753 tis
449 689 666 751 ceteris
714 704 850 748 cum
891 704 1062 751 oram
1089 688 1281 748 Asiae
1320 688 1621 762 legerent,
1659 687 2041 765 Loryma—
2071 694 2295 762 portus

331 775 629 835 adversus
669 772 951 834 Rhodum
1000 779 1098 833 est
1122 800 1209 813 —-
1236 778 1665 846 pervenerunt.
1734 771 1819 831 ibi
1855 770 1918 829 in
1968 772 2295 847 principiis

330 873 532 921 sermo
555 856 750 933 primo
776 854 929 916 inter
951 855 1226 917 tribunos
1247 854 1503 915 militum
1522 862 1799 915 secretus
1824 854 2029 928 oritur,
2062 854 2296 915 deinde

331 943 409 1001 ad
439 955 620 1003 aures
646 940 842 1015 ipsius
863 939 1102 998 Aemilii
1126 938 1421 1013 pervenit,
1450 938 1674 1017 abduci
1698 940 1966 999 classem
1978 938 2060 997 ab
2082 937 2293 1013 Ephe-

331 1042 436 1099 so,
481 1025 558 1085 ab
599 1040 715 1085 suo
758 1024 950 1096 bello,
994 1030 1060 1083 ut
1088 1022 1166 1082 ab
1207 1028 1378 1096 tergo
1422 1022 1576 1083 liber
1592 1022 1849 1083 relictus
1882 1020 2075 1081 hostis
2106 1022 2169 1081 in
2207 1028 2301 1083 tot

332 1108 709 1183 propinquas
753 1106 1060 1167 sociorum
1089 1104 1274 1165 urbes
1306 1104 1509 1165 omnia
1536 1105 1785 1181 impune
1813 1104 2020 1178 conari
2050 1110 2299 1180 posset.

329 1206 580 1254 movere
621 1206 694 1250 ea
721 1189 1075 1259 Aemilium
1123 1195 1506 1264 vocatosque
1532 1187 1811 1249 Rhodios
1856 1204 1994 1249 cum
2020 1204 2293 1263 percun-

331 1281 525 1336 ctatus
571 1280 770 1347 esset,
814 1279 1155 1333 utrumnam
1179 1270 1413 1332 Pataris
1444 1272 1735 1333 universa
1764 1271 1983 1331 classis
2014 1271 2072 1331 in
2106 1280 2299 1347 portu

330 1365 493 1420 stare
515 1365 750 1435 posset,
766 1372 904 1417 cum
928 1355 1401 1433 respondissent
1424 1373 1544 1417 non
1569 1370 1781 1432 posse,
1798 1370 2047 1417 causam
2068 1363 2297 1417 nactus

331 1442 696 1506 omittendae
724 1440 815 1501 rei
844 1439 1092 1501 Samum
1121 1440 1366 1499 reduxit
1394 1455 1604 1500 naves.

496 1525 709 1588 XVIII.
773 1524 889 1588 Per
938 1524 1098 1584 idem
1152 1528 1391 1597 tempus
1434 1520 1732 1584 Seleucus
1773 1523 2059 1585 Antiochi
2105 1523 2295 1595 lilius,

334 1626 469 1671 cum
513 1623 623 1683 per
663 1623 841 1669 omne
871 1607 1262 1668 hibernorum
1303 1613 1548 1682 tempus
1577 1608 1909 1668 exercitum
1940 1609 2001 1667 in
2028 1606 2301 1667 Aeolide

333 1691 736 1754 continuisset
765 1692 983 1765 partim
1012 1690 1200 1751 sociis
1231 1690 1484 1751 ferendo
1517 1706 1727 1766 opem,
1756 1692 2013 1767 partim,
2038 1704 2201 1767 quos
2234 1690 2299 1749 in

332 1776 686 1837 societatem
717 1775 1012 1848 perlicere
1042 1790 1166 1834 non
1197 1781 1468 1849 poterat,
1511 1773 1996 1851 depopulandis,
2031 1773 2301 1834 transire

332 1861 390 1920 in
418 1860 578 1919 fines
617 1857 790 1932 regni
813 1857 1132 1931 Eumenis,
1178 1858 1325 1918 dum
1352 1855 1407 1919 ls
1438 1860 1653 1933 procul
1681 1859 1758 1919 ab
1788 1859 1971 1920 domo
2002 1872 2141 1918 cum
2166 1858 2301 1919 Ro-

333 1943 526 2004 manis
557 1948 618 2005 et
646 1940 901 2004 Rhodiis
923 1940 1152 2019 Lyciae
1181 1942 1479 2003 maritima
1507 1949 1909 2018 oppugnaret,
1940 1940 2167 2004 statuit.
2216 1942 2303 2002 ad

331 2029 580 2088 Elaeam
609 2027 804 2102 primo
840 2025 1078 2086 infestis
1108 2024 1303 2100 signis
1333 2027 1628 2096 accessit;
1675 2027 1899 2087 deinde
1928 2026 2157 2086 omissa
2183 2041 2301 2100 op-

336 2111 704 2186 pugnatione
753 2110 922 2170 urbis
966 2124 1150 2184 agros
1191 2108 1491 2171 hostiliter
1532 2111 1944 2186 depopulatus
1984 2110 2064 2169 ad
2108 2117 2305 2185 caput

334 2209 660 2270 arcemque
702 2194 872 2268 regni
899 2193 1260 2267 Pergamum
1301 2192 1469 2253 ducit
1511 2194 2008 2269 oppugnandam.
2050 2192 2301 2254 Attalus

331 2279 528 2354 primo
579 2276 943 2340 stationibus
994 2284 1134 2337 ante
1185 2277 1398 2338 urbem
1449 2277 1670 2352 positis
1716 2284 1779 2338 et
1818 2275 2301 2338 excursionibus

333 2364 602 2438 equitum
635 2362 910 2436 levisque
937 2367 1277 2420 armaturae
1304 2361 1499 2436 magis
1535 2361 1881 2422 lacessebat
1903 2377 2086 2436 quam
2111 2361 2299 2422 susti-

333 2447 516 2510 nebat
557 2446 826 2506 hostem:
870 2450 1182 2520 postremo
1215 2459 1355 2503 cum
1385 2459 1497 2520 per
1525 2445 1684 2504 levia
1713 2445 2044 2506 certamina
2070 2458 2305 2519 exper-

334 2539 430 2592 tus
475 2532 640 2590 nulla
684 2536 855 2604 parte
895 2528 1112 2590 virium
1134 2543 1204 2588 se
1234 2543 1447 2604 parem
1475 2544 1619 2589 esse
1647 2529 1803 2589 intra
1830 2528 2072 2589 moenia
2100 2542 2171 2588 se
2200 2545 2305 2590 re·

333 2615 622 2688 cepisset,
654 2613 923 2674 obsideri
954 2612 1101 2673 urbs
1133 2620 1354 2688 coepta
1380 2619 1494 2673 est.
1551 2613 1770 2674 eodem
1799 2619 2074 2688 tempore
2104 2612 2309 2672 ferme

333 2705 394 2756 et
440 2697 781 2756 Antiochus
839 2696 914 2755 ab
965 2697 1242 2769 Apamea
1302 2696 1612 2772 profectus
1664 2693 1959 2757 Sardibus
2016 2695 2304 2770 primum,

335 2779 557 2838 deinde
597 2778 762 2839 haud
808 2779 1022 2852 procul
1053 2777 1295 2839 Seleuci
1338 2781 1553 2840 castris
1582 2780 1663 2840 ad
1691 2786 1877 2855 caput
1905 2778 2068 2839 Caici
2098 2779 2305 2856 amnis

335 2862 555 2921 stativa
597 2860 805 2922 habuit
844 2876 982 2922 cum
1022 2875 1242 2936 magno
1288 2863 1562 2925 exercitu
1601 2863 1789 2924 mixto
1820 2863 2009 2924 variis
2040 2877 2117 2922 ex
2146 2877 2303 2936 gen-

334 2945 518 3006 tibus.
579 2945 901 3019 plurimum
944 2944 1196 3005 terroris
1225 2946 1287 3004 in
1318 2945 1625 3008 Gallorum
1654 2947 1940 3008 mercede
1970 2945 2307 3008 conductis

335 3037 620 3104 quattuor
647 3028 888 3088 milibus
918 3034 1066 3088 erat.
1123 3027 1238 3088 hos
1270 3030 1487 3104 paucis
1516 3031 1801 3092 admixtis
1828 3029 1909 3090 ad
1940 3035 2307 3106 pervastan-

336 3114 480 3173 dum
505 3114 735 3187 passim
750 3113 1184 3186 Pergamenum
1206 3128 1418 3188 agrum
1440 3113 1704 3187 [milites]
1731 3113 1908 3174 misit.
1940 3128 2099 3189 quae
2122 3121 2306 3188 post-

337 3212 518 3272 quam
563 3195 814 3257 Samum
863 3202 1006 3256 sunt
1057 3197 1356 3268 nuntiata,
1414 3197 1606 3273 primo
1649 3197 1977 3270 Eumenes
2001 3204 2307 3258 avocatus

336 3281 672 3341 domestico
706 3279 863 3339 bello
895 3295 1032 3340 cum
1061 3280 1262 3340 classe
1282 3279 1530 3341 Elaeam
1562 3280 1739 3355 petit;
1784 3281 1928 3341 inde
1958 3296 2095 3342 cum
2118 3296 2309 3355 prae-

209 3379 219 3390 ·
335 3369 431 3422 sto
464 3363 724 3422 ruissent
749 3364 986 3438 equites
1009 3364 1407 3438 peditumque
1428 3364 1719 3440 expediti,
1749 3365 2058 3439 praesidio
2084 3379 2313 3425 eorum

339 3451 520 3517 tutus,
556 3445 910 3520 priusquam
939 3447 1152 3508 hostes
1181 3449 1477 3508 sentirent
1506 3455 1609 3508 aut
1637 3455 2044 3521 moverentur,
2072 3447 2306 3522 Perga·
