<?xml version="1.0" encoding="UTF-8"?>
<!DOCTYPE html PUBLIC "-//W3C//DTD XHTML 1.0 Transitional//EN"
    "http://www.w3.org/TR/xhtml1/DTD/xhtml1-transitional.dtd">
<html xmlns="http://www.w3.org/1999/xhtml" xml:lang="en" lang="en">
 <head>
  <title>
</title>
<meta http-equiv="Content-Type" content="text/html;charset=utf-8" />
  <meta name='ocr-system' content='tesseract 3.04.00' />
  <meta name='ocr-capabilities' content='ocr_page ocr_carea ocr_par ocr_line ocrx_word'/>
</head>
<body>
  <div class='ocr_page' id='page_1' title='image "./aburbeconditali14livygoog_0088.png"; bbox 0 0 2548 3950; ppageno 0'>
   <div class='ocr_carea' id='block_1_1' title="bbox 622 221 2236 298">
    <p class='ocr_par' dir='ltr' id='par_1_1' title="bbox 622 221 2236 298">
     <span class='ocr_line' id='line_1_1' title="bbox 622 221 2236 298; baseline 0.005 -18"><span class='ocrx_word' id='word_1_1' title='bbox 622 221 856 283; x_wconf 81' lang='lat' dir='ltr'>LIBER</span> <span class='ocrx_word' id='word_1_2' title='bbox 875 221 1111 282; x_wconf 87' lang='lat' dir='ltr'>XXXII.</span> <span class='ocrx_word' id='word_1_3' title='bbox 1157 221 1324 281; x_wconf 90' lang='lat' dir='ltr'>CAP.</span> <span class='ocrx_word' id='word_1_4' title='bbox 1352 231 1437 285; x_wconf 90' lang='grc'><strong>17.</strong></span> <span class='ocrx_word' id='word_1_5' title='bbox 1464 231 1549 286; x_wconf 87' lang='grc'><strong>18.</strong></span> <span class='ocrx_word' id='word_1_6' title='bbox 1598 229 1671 298; x_wconf 82' lang='lat' dir='ltr'><strong>[a.</strong></span> <span class='ocrx_word' id='word_1_7' title='bbox 1696 229 1761 288; x_wconf 85' lang='lat' dir='ltr'><strong>C.</strong></span> <span class='ocrx_word' id='word_1_8' title='bbox 1788 230 1911 296; x_wconf 82' lang='lat'>198]</span> <span class='ocrx_word' id='word_1_9' title='bbox 2155 227 2236 288; x_wconf 84' lang='lat'><strong>61</strong></span> 
     </span>
    </p>
   </div>
   <div class='ocr_carea' id='block_1_2' title="bbox 267 372 2239 3561">
    <p class='ocr_par' dir='ltr' id='par_1_2' title="bbox 267 372 2239 3561">
     <span class='ocr_line' id='line_1_2' title="bbox 277 372 2238 448; baseline 0.001 -12"><span class='ocrx_word' id='word_1_10' title='bbox 277 373 584 436; x_wconf 80' lang='lat' dir='ltr'><strong>introrsus</strong></span> <span class='ocrx_word' id='word_1_11' title='bbox 615 372 936 434; x_wconf 82' lang='lat' dir='ltr'><strong>ordinibus</strong></span> <span class='ocrx_word' id='word_1_12' title='bbox 965 373 1096 432; x_wconf 86' lang='lat' dir='ltr'><strong>acie</strong></span> <span class='ocrx_word' id='word_1_13' title='bbox 1119 373 1373 448; x_wconf 83' lang='lat' dir='ltr'><strong>firmata,</strong></span> <span class='ocrx_word' id='word_1_14' title='bbox 1406 389 1544 433; x_wconf 87' lang='lat' dir='ltr'><strong>cum</strong></span> <span class='ocrx_word' id='word_1_15' title='bbox 1566 375 2003 436; x_wconf 81' lang='lat' dir='ltr'><strong>transcendere</strong></span> <span class='ocrx_word' id='word_1_16' title='bbox 2026 377 2238 439; x_wconf 84' lang='lat' dir='ltr'><strong>ruinas</strong></span> 
     </span>
     <span class='ocr_line' id='line_1_3' title="bbox 277 457 2237 532; baseline 0 -10"><span class='ocrx_word' id='word_1_17' title='bbox 277 458 625 522; x_wconf 78' lang='lat' dir='ltr'><strong>sensissent</strong></span> <span class='ocrx_word' id='word_1_18' title='bbox 650 457 994 531; x_wconf 84' lang='lat' dir='ltr'><strong>Romanos,</strong></span> <span class='ocrx_word' id='word_1_19' title='bbox 1036 471 1151 532; x_wconf 85' lang='lat' dir='ltr'><strong>per</strong></span> <span class='ocrx_word' id='word_1_20' title='bbox 1191 457 1545 532; x_wconf 78' lang='lat' dir='ltr'><strong>impeditum</strong></span> <span class='ocrx_word' id='word_1_21' title='bbox 1588 473 1661 518; x_wconf 84' lang='lat' dir='ltr'><strong>ac</strong></span> <span class='ocrx_word' id='word_1_22' title='bbox 1696 459 2006 519; x_wconf 82' lang='lat' dir='ltr'><strong>difficilem</strong></span> <span class='ocrx_word' id='word_1_23' title='bbox 2034 461 2119 522; x_wconf 86' lang='lat' dir='ltr'><strong>ad</strong></span> <span class='ocrx_word' id='word_1_24' title='bbox 2142 479 2237 522; x_wconf 89' lang='lat' dir='ltr'><strong>re-</strong></span> 
     </span>
     <span class='ocr_line' id='line_1_4' title="bbox 277 541 2239 620; baseline 0.002 -17"><span class='ocrx_word' id='word_1_25' title='bbox 277 548 523 618; x_wconf 89' lang='lat' dir='ltr'><strong>ceptum</strong></span> <span class='ocrx_word' id='word_1_26' title='bbox 563 543 767 602; x_wconf 71' lang='lat' dir='ltr'><strong>locum</strong></span> <span class='ocrx_word' id='word_1_27' title='bbox 809 542 1192 616; x_wconf 84' lang='lat' dir='ltr'><strong>expulerunt.</strong></span> <span class='ocrx_word' id='word_1_28' title='bbox 1254 541 1317 600; x_wconf 88' lang='lat' dir='ltr'><strong>id</strong></span> <span class='ocrx_word' id='word_1_29' title='bbox 1360 543 1577 602; x_wconf 89' lang='lat' dir='ltr'><strong>consul</strong></span> <span class='ocrx_word' id='word_1_30' title='bbox 1608 557 1793 616; x_wconf 83' lang='lat' dir='ltr'><strong>aegre</strong></span> <span class='ocrx_word' id='word_1_31' title='bbox 1822 559 2081 620; x_wconf 80' lang='lat' dir='ltr'><strong>passus,</strong></span> <span class='ocrx_word' id='word_1_32' title='bbox 2123 562 2239 607; x_wconf 89' lang='lat' dir='ltr'><strong>nec</strong></span> 
     </span>
     <span class='ocr_line' id='line_1_5' title="bbox 277 624 2238 701; baseline 0.002 -14"><span class='ocrx_word' id='word_1_33' title='bbox 277 642 412 687; x_wconf 87' lang='lat' dir='ltr'><strong>eam</strong></span> <span class='ocrx_word' id='word_1_34' title='bbox 441 625 834 701; x_wconf 81' lang='lat' dir='ltr'>ignominiam</span> <span class='ocrx_word' id='word_1_35' title='bbox 863 625 941 685; x_wconf 89' lang='lat' dir='ltr'><strong>ad</strong></span> <span class='ocrx_word' id='word_1_36' title='bbox 969 624 1152 684; x_wconf 89' lang='lat' dir='ltr'><strong>unius</strong></span> <span class='ocrx_word' id='word_1_37' title='bbox 1183 624 1368 686; x_wconf 89' lang='lat' dir='ltr'><strong>modo</strong></span> <span class='ocrx_word' id='word_1_38' title='bbox 1400 627 1853 701; x_wconf 80' lang='lat' dir='ltr'><strong>expugnandae</strong></span> <span class='ocrx_word' id='word_1_39' title='bbox 1876 643 2113 690; x_wconf 84' lang='lat' dir='ltr'><strong>moram</strong></span> <span class='ocrx_word' id='word_1_40' title='bbox 2138 647 2238 690; x_wconf 84' lang='lat' dir='ltr'><strong>ur-</strong></span> 
     </span>
     <span class='ocr_line' id='line_1_6' title="bbox 276 709 2239 789; baseline 0.004 -20"><span class='ocrx_word' id='word_1_41' title='bbox 276 710 370 770; x_wconf 88' lang='lat' dir='ltr'><strong>bis</strong></span> <span class='ocrx_word' id='word_1_42' title='bbox 411 710 526 770; x_wconf 84' lang='lat' dir='ltr'><strong>sed</strong></span> <span class='ocrx_word' id='word_1_43' title='bbox 566 710 646 770; x_wconf 88' lang='lat' dir='ltr'><strong>ad</strong></span> <span class='ocrx_word' id='word_1_44' title='bbox 689 723 988 769; x_wconf 79' lang='lat' dir='ltr'><strong>summam</strong></span> <span class='ocrx_word' id='word_1_45' title='bbox 1023 709 1294 770; x_wconf 86' lang='lat' dir='ltr'><strong>universi</strong></span> <span class='ocrx_word' id='word_1_46' title='bbox 1321 709 1463 770; x_wconf 80' lang='lat' dir='ltr'><strong>belli</strong></span> <span class='ocrx_word' id='word_1_47' title='bbox 1492 711 1797 786; x_wconf 82' lang='lat' dir='ltr'><strong>pertinere</strong></span> <span class='ocrx_word' id='word_1_48' title='bbox 1822 718 2024 786; x_wconf 78' lang='lat' dir='ltr'><strong>ratuS,</strong></span> <span class='ocrx_word' id='word_1_49' title='bbox 2071 717 2239 789; x_wconf 84' lang='lat' dir='ltr'><strong>quod</strong></span> 
     </span>
     <span class='ocr_line' id='line_1_7' title="bbox 275 794 2237 872; baseline 0.003 -18"><span class='ocrx_word' id='word_1_50' title='bbox 275 811 355 854; x_wconf 83' lang='lat' dir='ltr'><strong>ex</strong></span> <span class='ocrx_word' id='word_1_51' title='bbox 382 795 706 855; x_wconf 87' lang='lat' dir='ltr'><strong>momentis</strong></span> <span class='ocrx_word' id='word_1_52' title='bbox 749 807 1076 869; x_wconf 86' lang='lat' dir='ltr'><strong>parvarum</strong></span> <span class='ocrx_word' id='word_1_53' title='bbox 1103 794 1465 868; x_wconf 84' lang='lat' dir='ltr'><strong>plerumque</strong></span> <span class='ocrx_word' id='word_1_54' title='bbox 1489 809 1694 854; x_wconf 87' lang='lat' dir='ltr'><strong>rerum</strong></span> <span class='ocrx_word' id='word_1_55' title='bbox 1723 797 2021 869; x_wconf 81' lang='lat' dir='ltr'>penderet</span> <span class='ocrx_word' id='word_1_56' title='bbox 2035 843 2051 871; x_wconf 92' lang='lat'><strong>,</strong></span> <span class='ocrx_word' id='word_1_57' title='bbox 2095 814 2237 872; x_wconf 78' lang='lat' dir='ltr'><strong>pur·</strong></span> 
     </span>
     <span class='ocr_line' id='line_1_8' title="bbox 276 876 2239 954; baseline 0.002 -16"><span class='ocrx_word' id='word_1_58' title='bbox 276 885 415 953; x_wconf 86' lang='lat' dir='ltr'><strong>gato</strong></span> <span class='ocrx_word' id='word_1_59' title='bbox 446 879 585 938; x_wconf 87' lang='lat' dir='ltr'><strong>loco</strong></span> <span class='ocrx_word' id='word_1_60' title='bbox 615 877 722 953; x_wconf 89' lang='lat' dir='ltr'><strong>qui</strong></span> <span class='ocrx_word' id='word_1_61' title='bbox 753 883 958 952; x_wconf 85' lang='lat' dir='ltr'><strong>strage</strong></span> <span class='ocrx_word' id='word_1_62' title='bbox 987 876 1255 936; x_wconf 83' lang='lat' dir='ltr'><strong>semiruti</strong></span> <span class='ocrx_word' id='word_1_63' title='bbox 1286 877 1441 939; x_wconf 79' lang='lat' dir='ltr'><strong>muri</strong></span> <span class='ocrx_word' id='word_1_64' title='bbox 1470 879 1811 938; x_wconf 82' lang='lat' dir='ltr'><strong>cumulatus</strong></span> <span class='ocrx_word' id='word_1_65' title='bbox 1839 887 1985 954; x_wconf 88' lang='lat' dir='ltr'><strong>erat,</strong></span> <span class='ocrx_word' id='word_1_66' title='bbox 2013 889 2239 942; x_wconf 79' lang='lat' dir='ltr'><strong>mtrem</strong></span> 
     </span>
     <span class='ocr_line' id='line_1_9' title="bbox 277 961 2237 1039; baseline 0.001 -17"><span class='ocrx_word' id='word_1_67' title='bbox 277 962 538 1036; x_wconf 84' lang='lat' dir='ltr'><strong>ingentis</strong></span> <span class='ocrx_word' id='word_1_68' title='bbox 589 961 922 1022; x_wconf 81' lang='lat' dir='ltr'><strong>altitudinis</strong></span> <span class='ocrx_word' id='word_1_69' title='bbox 937 1007 954 1036; x_wconf 93' lang='lat'><strong>,</strong></span> <span class='ocrx_word' id='word_1_70' title='bbox 1004 975 1289 1036; x_wconf 80' lang='lat' dir='ltr'><strong>magnam</strong></span> <span class='ocrx_word' id='word_1_71' title='bbox 1339 961 1462 1020; x_wconf 83' lang='lat' dir='ltr'><strong>vim</strong></span> <span class='ocrx_word' id='word_1_72' title='bbox 1512 968 1881 1023; x_wconf 83' lang='lat' dir='ltr'><strong>armatorum</strong></span> <span class='ocrx_word' id='word_1_73' title='bbox 1919 965 2237 1039; x_wconf 72' lang='lat' dir='ltr'><strong>multiplici</strong></span> 
     </span>
     <span class='ocr_line' id='line_1_10' title="bbox 275 1044 2236 1121; baseline 0.002 -15"><span class='ocrx_word' id='word_1_74' title='bbox 275 1045 544 1107; x_wconf 82' lang='lat' dir='ltr'><strong>tabulato</strong></span> <span class='ocrx_word' id='word_1_75' title='bbox 589 1052 962 1121; x_wconf 80' lang='lat' dir='ltr'><strong>portantem,</strong></span> <span class='ocrx_word' id='word_1_76' title='bbox 1004 1046 1346 1119; x_wconf 79' lang='lat' dir='ltr'><strong>promovit3</strong></span> <span class='ocrx_word' id='word_1_77' title='bbox 1395 1054 1456 1104; x_wconf 88' lang='lat' dir='ltr'><strong>et</strong></span> <span class='ocrx_word' id='word_1_78' title='bbox 1486 1044 1773 1106; x_wconf 84' lang='lat' dir='ltr'><strong>cohortes</strong></span> <span class='ocrx_word' id='word_1_79' title='bbox 1803 1047 1863 1106; x_wconf 91' lang='lat' dir='ltr'><strong>in</strong></span> <span class='ocrx_word' id='word_1_80' title='bbox 1890 1048 2089 1108; x_wconf 84' lang='lat' dir='ltr'><strong>vicem</strong></span> <span class='ocrx_word' id='word_1_81' title='bbox 2118 1050 2236 1110; x_wconf 93' lang='lat' dir='ltr'><strong>sub</strong></span> 
     </span>
     <span class='ocr_line' id='line_1_11' title="bbox 275 1128 2237 1208; baseline 0.002 -19"><span class='ocrx_word' id='word_1_82' title='bbox 275 1131 468 1204; x_wconf 84' lang='lat' dir='ltr'><strong>signis</strong></span> <span class='ocrx_word' id='word_1_83' title='bbox 485 1177 500 1205; x_wconf 89' lang='lat'><strong>,</strong></span> <span class='ocrx_word' id='word_1_84' title='bbox 547 1146 708 1206; x_wconf 90' lang='lat' dir='ltr'><strong>quae</strong></span> <span class='ocrx_word' id='word_1_85' title='bbox 751 1145 1012 1190; x_wconf 85' lang='lat' dir='ltr'><strong>cuneum</strong></span> <span class='ocrx_word' id='word_1_86' title='bbox 1037 1128 1446 1190; x_wconf 75' lang='lat' dir='ltr'><strong>Macedonum</strong></span> <span class='ocrx_word' id='word_1_87' title='bbox 1472 1157 1560 1172; x_wconf 86' lang='lat'><strong>—-</strong></span> <span class='ocrx_word' id='word_1_88' title='bbox 1586 1129 1953 1206; x_wconf 79' lang='lat' dir='ltr'><strong>phalangem</strong></span> <span class='ocrx_word' id='word_1_89' title='bbox 1976 1133 2097 1208; x_wconf 85' lang='lat' dir='ltr'><strong>ipsi</strong></span> <span class='ocrx_word' id='word_1_90' title='bbox 2128 1149 2237 1193; x_wconf 70' lang='lat' dir='ltr'><strong>vo-</strong></span> 
     </span>
     <span class='ocr_line' id='line_1_12' title="bbox 275 1214 2238 1290; baseline 0.001 -16"><span class='ocrx_word' id='word_1_91' title='bbox 275 1221 418 1274; x_wconf 86' lang='lat' dir='ltr'><strong>cant</strong></span> <span class='ocrx_word' id='word_1_92' title='bbox 438 1245 552 1290; x_wconf 86' lang='lat'><strong>--,</strong></span> <span class='ocrx_word' id='word_1_93' title='bbox 596 1217 649 1273; x_wconf 82' lang='lat' dir='ltr'><strong>si</strong></span> <span class='ocrx_word' id='word_1_94' title='bbox 683 1219 968 1289; x_wconf 82' lang='lat' dir='ltr'><strong>possent,</strong></span> <span class='ocrx_word' id='word_1_95' title='bbox 1007 1214 1071 1273; x_wconf 90' lang='lat' dir='ltr'><strong>vi</strong></span> <span class='ocrx_word' id='word_1_96' title='bbox 1099 1221 1595 1289; x_wconf 80' lang='lat' dir='ltr'><strong>perrumperent,</strong></span> <span class='ocrx_word' id='word_1_97' title='bbox 1628 1214 1949 1277; x_wconf 78' lang='lat' dir='ltr'><strong>cniittebat.</strong></span> <span class='ocrx_word' id='word_1_98' title='bbox 2014 1217 2129 1277; x_wconf 83' lang='lat' dir='ltr'><strong>sed</strong></span> <span class='ocrx_word' id='word_1_99' title='bbox 2156 1218 2238 1276; x_wconf 84' lang='lat' dir='ltr'><strong>ad</strong></span> 
     </span>
     <span class='ocr_line' id='line_1_13' title="bbox 273 1297 2235 1377; baseline 0 -18"><span class='ocrx_word' id='word_1_100' title='bbox 273 1299 394 1359; x_wconf 87' lang='lat' dir='ltr'><strong>loci</strong></span> <span class='ocrx_word' id='word_1_101' title='bbox 432 1298 750 1374; x_wconf 77' lang='lat' dir='ltr'><strong>angustias</strong></span> <span class='ocrx_word' id='word_1_102' title='bbox 767 1345 781 1372; x_wconf 92' lang='lat'><strong>,</strong></span> <span class='ocrx_word' id='word_1_103' title='bbox 832 1297 1000 1359; x_wconf 84' lang='lat' dir='ltr'><strong>haud</strong></span> <span class='ocrx_word' id='word_1_104' title='bbox 1039 1297 1159 1358; x_wconf 85' lang='lat' dir='ltr'><strong>late</strong></span> <span class='ocrx_word' id='word_1_105' title='bbox 1201 1303 1449 1372; x_wconf 82' lang='lat' dir='ltr'><strong>patente</strong></span> <span class='ocrx_word' id='word_1_106' title='bbox 1490 1299 1808 1360; x_wconf 83' lang='lat' dir='ltr'><strong>intervallo</strong></span> <span class='ocrx_word' id='word_1_107' title='bbox 1848 1299 2033 1362; x_wconf 85' lang='lat' dir='ltr'><strong>diruti</strong></span> <span class='ocrx_word' id='word_1_108' title='bbox 2057 1302 2235 1377; x_wconf 84' lang='lat' dir='ltr'><strong>muri,</strong></span> 
     </span>
     <span class='ocr_line' id='line_1_14' title="bbox 271 1381 2234 1458; baseline 0.001 -17"><span class='ocrx_word' id='word_1_109' title='bbox 271 1398 470 1458; x_wconf 82' lang='lat' dir='ltr'><strong>genus</strong></span> <span class='ocrx_word' id='word_1_110' title='bbox 511 1397 820 1443; x_wconf 84' lang='lat' dir='ltr'><strong>armorum</strong></span> <span class='ocrx_word' id='word_1_111' title='bbox 863 1395 1232 1458; x_wconf 80' lang='lat' dir='ltr'>pugnaeque</span> <span class='ocrx_word' id='word_1_112' title='bbox 1271 1381 1438 1442; x_wconf 83' lang='lat' dir='ltr'><strong>hosti</strong></span> <span class='ocrx_word' id='word_1_113' title='bbox 1478 1383 1681 1457; x_wconf 85' lang='lat' dir='ltr'><strong>aptius</strong></span> <span class='ocrx_word' id='word_1_114' title='bbox 1723 1388 1870 1442; x_wconf 89' lang='lat' dir='ltr'><strong>erat.</strong></span> <span class='ocrx_word' id='word_1_115' title='bbox 1938 1384 2043 1444; x_wconf 91' lang='lat' dir='ltr'><strong>ubi</strong></span> <span class='ocrx_word' id='word_1_116' title='bbox 2086 1399 2234 1445; x_wconf 85' lang='lat' dir='ltr'><strong>con-</strong></span> 
     </span>
     <span class='ocr_line' id='line_1_15' title="bbox 271 1465 2235 1542; baseline 0.001 -16"><span class='ocrx_word' id='word_1_117' title='bbox 271 1467 409 1527; x_wconf 75' lang='lat' dir='ltr'><strong>ferti</strong></span> <span class='ocrx_word' id='word_1_118' title='bbox 445 1466 656 1528; x_wconf 75' lang='lat' dir='ltr'><strong>hastas</strong></span> <span class='ocrx_word' id='word_1_119' title='bbox 695 1467 957 1542; x_wconf 86' lang='lat' dir='ltr'><strong>ingentis</strong></span> <span class='ocrx_word' id='word_1_120' title='bbox 997 1465 1395 1540; x_wconf 79' lang='lat' dir='ltr'><strong>longitudinis</strong></span> <span class='ocrx_word' id='word_1_121' title='bbox 1438 1481 1588 1540; x_wconf 86' lang='lat' dir='ltr'><strong>prae</strong></span> <span class='ocrx_word' id='word_1_122' title='bbox 1628 1481 1699 1526; x_wconf 90' lang='lat' dir='ltr'><strong>se</strong></span> <span class='ocrx_word' id='word_1_123' title='bbox 1722 1465 2097 1528; x_wconf 75' lang='lat' dir='ltr'><strong>Macedones</strong></span> <span class='ocrx_word' id='word_1_124' title='bbox 2126 1467 2235 1528; x_wconf 85' lang='lat' dir='ltr'><strong>ob·</strong></span> 
     </span>
     <span class='ocr_line' id='line_1_16' title="bbox 273 1549 2234 1626; baseline 0.002 -16"><span class='ocrx_word' id='word_1_125' title='bbox 273 1552 597 1626; x_wconf 77' lang='lat' dir='ltr'><strong>iecissent,</strong></span> <span class='ocrx_word' id='word_1_126' title='bbox 625 1551 881 1612; x_wconf 87' lang='lat' dir='ltr'><strong>velutin</strong></span> <span class='ocrx_word' id='word_1_127' title='bbox 913 1556 1324 1612; x_wconf 77' lang='lat' dir='ltr'><strong>constructam</strong></span> <span class='ocrx_word' id='word_1_128' title='bbox 1352 1549 1655 1610; x_wconf 82' lang='lat' dir='ltr'><strong>densitate</strong></span> <span class='ocrx_word' id='word_1_129' title='bbox 1681 1550 2019 1626; x_wconf 77' lang='lat' dir='ltr'><strong>clipeorum</strong></span> <span class='ocrx_word' id='word_1_130' title='bbox 2048 1557 2234 1613; x_wconf 85' lang='lat' dir='ltr'><strong>testu-</strong></span> 
     </span>
     <span class='ocr_line' id='line_1_17' title="bbox 267 1629 2238 1710; baseline 0.002 -16"><span class='ocrx_word' id='word_1_131' title='bbox 267 1635 477 1696; x_wconf 75' lang='lat' dir='ltr'><strong>dinem</strong></span> <span class='ocrx_word' id='word_1_132' title='bbox 503 1635 766 1695; x_wconf 88' lang='lat' dir='ltr'><strong>Romani</strong></span> <span class='ocrx_word' id='word_1_133' title='bbox 807 1635 946 1709; x_wconf 91' lang='lat' dir='ltr'><strong>pilis</strong></span> <span class='ocrx_word' id='word_1_134' title='bbox 988 1633 1365 1710; x_wconf 82' lang='lat' dir='ltr'><strong>nequiquam</strong></span> <span class='ocrx_word' id='word_1_135' title='bbox 1404 1629 1647 1694; x_wconf 75' lang='lat' dir='ltr'><strong>emissis</strong></span> <span class='ocrx_word' id='word_1_136' title='bbox 1681 1651 1818 1694; x_wconf 90' lang='lat' dir='ltr'><strong>cum</strong></span> <span class='ocrx_word' id='word_1_137' title='bbox 1848 1636 2238 1698; x_wconf 80' lang='lat' dir='ltr'><strong>strinxissent</strong></span> 
     </span>
     <span class='ocr_line' id='line_1_18' title="bbox 271 1717 2234 1794; baseline 0.002 -16"><span class='ocrx_word' id='word_1_138' title='bbox 271 1718 532 1793; x_wconf 86' lang='lat' dir='ltr'><strong>gladios,</strong></span> <span class='ocrx_word' id='word_1_139' title='bbox 563 1733 768 1794; x_wconf 85' lang='lat' dir='ltr'><strong>neque</strong></span> <span class='ocrx_word' id='word_1_140' title='bbox 795 1718 1087 1792; x_wconf 77' lang='lat' dir='ltr'><strong>congredi</strong></span> <span class='ocrx_word' id='word_1_141' title='bbox 1114 1717 1375 1793; x_wconf 87' lang='lat' dir='ltr'><strong>propius</strong></span> <span class='ocrx_word' id='word_1_142' title='bbox 1404 1732 1607 1793; x_wconf 86' lang='lat' dir='ltr'><strong>neque</strong></span> <span class='ocrx_word' id='word_1_143' title='bbox 1636 1719 1995 1793; x_wconf 77' lang='lat' dir='ltr'><strong>praecidere</strong></span> <span class='ocrx_word' id='word_1_144' title='bbox 2020 1719 2234 1782; x_wconf 81' lang='lat' dir='ltr'><strong>hastas</strong></span> 
     </span>
     <span class='ocr_line' id='line_1_19' title="bbox 273 1802 2237 1880; baseline 0.001 -17"><span class='ocrx_word' id='word_1_145' title='bbox 273 1809 586 1878; x_wconf 76' lang='lat' dir='ltr'><strong>poterant3</strong></span> <span class='ocrx_word' id='word_1_146' title='bbox 623 1809 683 1862; x_wconf 88' lang='lat' dir='ltr'><strong>et</strong></span> <span class='ocrx_word' id='word_1_147' title='bbox 705 1803 966 1880; x_wconf 85' lang='lat' dir='ltr'><strong>siquam</strong></span> <span class='ocrx_word' id='word_1_148' title='bbox 989 1802 1354 1862; x_wconf 85' lang='lat' dir='ltr'><strong>incidissent</strong></span> <span class='ocrx_word' id='word_1_149' title='bbox 1375 1808 1479 1862; x_wconf 85' lang='lat' dir='ltr'><strong>aut</strong></span> <span class='ocrx_word' id='word_1_150' title='bbox 1500 1803 1995 1877; x_wconf 80' lang='lat' dir='ltr'><strong>praefregissent,</strong></span> <span class='ocrx_word' id='word_1_151' title='bbox 2020 1803 2237 1865; x_wconf 89' lang='lat' dir='ltr'><strong>hastile</strong></span> 
     </span>
     <span class='ocr_line' id='line_1_20' title="bbox 271 1885 2237 1963; baseline 0.001 -16"><span class='ocrx_word' id='word_1_152' title='bbox 271 1888 610 1962; x_wconf 75' lang='lat' dir='ltr'><strong>fragmento</strong></span> <span class='ocrx_word' id='word_1_153' title='bbox 647 1889 792 1962; x_wconf 85' lang='lat' dir='ltr'><strong>ipso</strong></span> <span class='ocrx_word' id='word_1_154' title='bbox 833 1893 1013 1946; x_wconf 81' lang='lat' dir='ltr'><strong>acuto</strong></span> <span class='ocrx_word' id='word_1_155' title='bbox 1053 1886 1209 1946; x_wconf 86' lang='lat' dir='ltr'><strong>inter</strong></span> <span class='ocrx_word' id='word_1_156' title='bbox 1250 1885 1491 1960; x_wconf 88' lang='lat' dir='ltr'><strong>spicula</strong></span> <span class='ocrx_word' id='word_1_157' title='bbox 1522 1889 1895 1963; x_wconf 83' lang='lat' dir='ltr'><strong>integrarum</strong></span> <span class='ocrx_word' id='word_1_158' title='bbox 1920 1887 2237 1949; x_wconf 77' lang='lat' dir='ltr'><strong>hastarum</strong></span> 
     </span>
     <span class='ocr_line' id='line_1_21' title="bbox 269 1969 2239 2048; baseline 0.002 -17"><span class='ocrx_word' id='word_1_159' title='bbox 269 1974 438 2033; x_wconf 81' lang='lat' dir='ltr'><strong>velut</strong></span> <span class='ocrx_word' id='word_1_160' title='bbox 460 1971 690 2033; x_wconf 86' lang='lat' dir='ltr'><strong>vallum</strong></span> <span class='ocrx_word' id='word_1_161' title='bbox 719 1971 1024 2048; x_wconf 82' lang='lat' dir='ltr'><strong>explebat.</strong></span> <span class='ocrx_word' id='word_1_162' title='bbox 1069 1969 1301 2031; x_wconf 81' lang='lat' dir='ltr'><strong>adhoc</strong></span> <span class='ocrx_word' id='word_1_163' title='bbox 1328 1975 1389 2030; x_wconf 90' lang='lat' dir='ltr'><strong>et</strong></span> <span class='ocrx_word' id='word_1_164' title='bbox 1415 1972 1568 2032; x_wconf 90' lang='lat' dir='ltr'><strong>muri</strong></span> <span class='ocrx_word' id='word_1_165' title='bbox 1595 1987 1742 2047; x_wconf 86' lang='lat' dir='ltr'><strong>pars</strong></span> <span class='ocrx_word' id='word_1_166' title='bbox 1773 1970 1973 2033; x_wconf 85' lang='lat' dir='ltr'><strong>adhuc</strong></span> <span class='ocrx_word' id='word_1_167' title='bbox 2001 1972 2239 2048; x_wconf 86' lang='lat' dir='ltr'><strong>integra</strong></span> 
     </span>
     <span class='ocr_line' id='line_1_22' title="bbox 271 2055 2238 2133; baseline 0.001 -16"><span class='ocrx_word' id='word_1_168' title='bbox 271 2063 536 2133; x_wconf 71' lang='lat' dir='ltr'><strong>utraque</strong></span> <span class='ocrx_word' id='word_1_169' title='bbox 571 2062 701 2117; x_wconf 86' lang='lat' dir='ltr'><strong>tuta</strong></span> <span class='ocrx_word' id='word_1_170' title='bbox 732 2055 1088 2132; x_wconf 71' lang='lat' dir='ltr'><strong>praestabat</strong></span> <span class='ocrx_word' id='word_1_171' title='bbox 1125 2057 1347 2125; x_wconf 79' lang='lat' dir='ltr'><strong>latera3</strong></span> <span class='ocrx_word' id='word_1_172' title='bbox 1389 2071 1505 2116; x_wconf 89' lang='lat' dir='ltr'><strong>nec</strong></span> <span class='ocrx_word' id='word_1_173' title='bbox 1546 2071 1627 2116; x_wconf 87' lang='lat' dir='ltr'><strong>ex</strong></span> <span class='ocrx_word' id='word_1_174' title='bbox 1672 2058 1857 2131; x_wconf 87' lang='lat' dir='ltr'><strong>longo</strong></span> <span class='ocrx_word' id='word_1_175' title='bbox 1900 2059 2103 2132; x_wconf 84' lang='lat' dir='ltr'><strong>spatio</strong></span> <span class='ocrx_word' id='word_1_176' title='bbox 2131 2065 2238 2119; x_wconf 87' lang='lat' dir='ltr'><strong>aut</strong></span> 
     </span>
     <span class='ocr_line' id='line_1_23' title="bbox 272 2139 2238 2215; baseline 0.001 -14"><span class='ocrx_word' id='word_1_177' title='bbox 272 2140 616 2201; x_wconf 80' lang='lat' dir='ltr'><strong>cedendum</strong></span> <span class='ocrx_word' id='word_1_178' title='bbox 657 2148 760 2201; x_wconf 87' lang='lat' dir='ltr'><strong>aut</strong></span> <span class='ocrx_word' id='word_1_179' title='bbox 797 2140 1060 2215; x_wconf 80' lang='lat' dir='ltr'><strong>impetus</strong></span> <span class='ocrx_word' id='word_1_180' title='bbox 1103 2139 1422 2200; x_wconf 75' lang='lat' dir='ltr'><strong>faciendus</strong></span> <span class='ocrx_word' id='word_1_181' title='bbox 1465 2146 1624 2214; x_wconf 87' lang='lat' dir='ltr'><strong>erat,</strong></span> <span class='ocrx_word' id='word_1_182' title='bbox 1673 2156 1831 2214; x_wconf 87' lang='lat' dir='ltr'><strong>quae</strong></span> <span class='ocrx_word' id='word_1_183' title='bbox 1857 2155 1961 2200; x_wconf 86' lang='lat' dir='ltr'><strong>res</strong></span> <span class='ocrx_word' id='word_1_184' title='bbox 1982 2142 2238 2202; x_wconf 71' lang='lat' dir='ltr'><strong>turbare</strong></span> 
     </span>
     <span class='ocr_line' id='line_1_24' title="bbox 271 2224 2237 2286; baseline 0 -1"><span class='ocrx_word' id='word_1_185' title='bbox 271 2224 520 2285; x_wconf 76' lang='lat' dir='ltr'><strong>ordines</strong></span> <span class='ocrx_word' id='word_1_186' title='bbox 549 2224 725 2284; x_wconf 88' lang='lat' dir='ltr'><strong>solet.</strong></span> <span class='ocrx_word' id='word_1_187' title='bbox 764 2224 1035 2284; x_wconf 17' lang='lat' dir='ltr'><strong>&#39;accessit</strong></span> <span class='ocrx_word' id='word_1_188' title='bbox 1058 2224 1242 2283; x_wconf 86' lang='lat' dir='ltr'><strong>etiam</strong></span> <span class='ocrx_word' id='word_1_189' title='bbox 1268 2224 1516 2284; x_wconf 87' lang='lat' dir='ltr'><strong>fortuita</strong></span> <span class='ocrx_word' id='word_1_190' title='bbox 1537 2240 1639 2283; x_wconf 85' lang='lat' dir='ltr'><strong>res</strong></span> <span class='ocrx_word' id='word_1_191' title='bbox 1660 2225 1740 2282; x_wconf 85' lang='lat' dir='ltr'><strong>ad</strong></span> <span class='ocrx_word' id='word_1_192' title='bbox 1760 2224 1999 2285; x_wconf 86' lang='lat' dir='ltr'><strong>animos</strong></span> <span class='ocrx_word' id='word_1_193' title='bbox 2024 2240 2237 2286; x_wconf 84' lang='lat' dir='ltr'><strong>eorum</strong></span> 
     </span>
     <span class='ocr_line' id='line_1_25' title="bbox 269 2306 2237 2381; baseline 0.001 -13"><span class='ocrx_word' id='word_1_194' title='bbox 269 2307 606 2369; x_wconf 77' lang='lat' dir='ltr'><strong>firmandos</strong></span> <span class='ocrx_word' id='word_1_195' title='bbox 621 2330 638 2363; x_wconf 68' lang='grc' dir='ltr'><em>ε</em></span> <span class='ocrx_word' id='word_1_196' title='bbox 693 2323 836 2368; x_wconf 86' lang='lat' dir='ltr'><strong>nam</strong></span> <span class='ocrx_word' id='word_1_197' title='bbox 877 2324 1018 2367; x_wconf 89' lang='lat' dir='ltr'><strong>cum</strong></span> <span class='ocrx_word' id='word_1_198' title='bbox 1056 2306 1240 2367; x_wconf 85' lang='lat' dir='ltr'><strong>turris</strong></span> <span class='ocrx_word' id='word_1_199' title='bbox 1282 2322 1398 2381; x_wconf 80' lang='lat' dir='ltr'><strong>per</strong></span> <span class='ocrx_word' id='word_1_200' title='bbox 1433 2321 1720 2381; x_wconf 83' lang='lat' dir='ltr'><strong>aggerem</strong></span> <span class='ocrx_word' id='word_1_201' title='bbox 1748 2322 1967 2380; x_wconf 81' lang='lat' dir='ltr'><strong>parum</strong></span> <span class='ocrx_word' id='word_1_202' title='bbox 1996 2308 2237 2369; x_wconf 79' lang='lat' dir='ltr'><strong>densati</strong></span> 
     </span>
     <span class='ocr_line' id='line_1_26' title="bbox 271 2390 2237 2469; baseline 0.001 -17"><span class='ocrx_word' id='word_1_203' title='bbox 271 2392 390 2453; x_wconf 88' lang='lat' dir='ltr'><strong>soli</strong></span> <span class='ocrx_word' id='word_1_204' title='bbox 431 2398 744 2469; x_wconf 82' lang='lat' dir='ltr'><strong>ageretur,</strong></span> <span class='ocrx_word' id='word_1_205' title='bbox 789 2398 928 2452; x_wconf 87' lang='lat' dir='ltr'><strong>rota</strong></span> <span class='ocrx_word' id='word_1_206' title='bbox 961 2406 1088 2450; x_wconf 89' lang='lat' dir='ltr'><strong>una</strong></span> <span class='ocrx_word' id='word_1_207' title='bbox 1127 2391 1188 2449; x_wconf 88' lang='lat' dir='ltr'><strong>in</strong></span> <span class='ocrx_word' id='word_1_208' title='bbox 1230 2391 1507 2451; x_wconf 88' lang='lat' dir='ltr'><strong>altiorem</strong></span> <span class='ocrx_word' id='word_1_209' title='bbox 1538 2391 1795 2451; x_wconf 86' lang='lat' dir='ltr'><strong>orbitam</strong></span> <span class='ocrx_word' id='word_1_210' title='bbox 1824 2390 2127 2467; x_wconf 85' lang='lat' dir='ltr'><strong>depressa</strong></span> <span class='ocrx_word' id='word_1_211' title='bbox 2153 2394 2237 2453; x_wconf 88' lang='lat' dir='ltr'><strong>ita</strong></span> 
     </span>
     <span class='ocr_line' id='line_1_27' title="bbox 273 2474 2235 2553; baseline 0.002 -17"><span class='ocrx_word' id='word_1_212' title='bbox 273 2477 483 2536; x_wconf 85' lang='lat' dir='ltr'><strong>turrim</strong></span> <span class='ocrx_word' id='word_1_213' title='bbox 509 2476 852 2551; x_wconf 85' lang='lat' dir='ltr'><strong>inclinavit,</strong></span> <span class='ocrx_word' id='word_1_214' title='bbox 884 2482 953 2535; x_wconf 88' lang='lat' dir='ltr'><strong>ut</strong></span> <span class='ocrx_word' id='word_1_215' title='bbox 986 2475 1260 2551; x_wconf 82' lang='lat' dir='ltr'><strong>speciem</strong></span> <span class='ocrx_word' id='word_1_216' title='bbox 1288 2474 1521 2541; x_wconf 89' lang='lat' dir='ltr'><strong>ruentis</strong></span> <span class='ocrx_word' id='word_1_217' title='bbox 1551 2475 1850 2551; x_wconf 83' lang='lat' dir='ltr'><strong>hostibuS‚</strong></span> <span class='ocrx_word' id='word_1_218' title='bbox 1880 2477 2235 2553; x_wconf 84' lang='lat' dir='ltr'><strong>trepidatio·</strong></span> 
     </span>
     <span class='ocr_line' id='line_1_28' title="bbox 267 2558 2038 2636; baseline 0 -15"><span class='ocrx_word' id='word_1_219' title='bbox 267 2576 537 2636; x_wconf 64' lang='lat' dir='ltr'><strong>natuque</strong></span> <span class='ocrx_word' id='word_1_220' title='bbox 562 2562 843 2621; x_wconf 85' lang='lat' dir='ltr'><strong>insanam</strong></span> <span class='ocrx_word' id='word_1_221' title='bbox 871 2558 1367 2635; x_wconf 85' lang='lat' dir='ltr'><strong>superstantibus</strong></span> <span class='ocrx_word' id='word_1_222' title='bbox 1397 2560 1641 2621; x_wconf 85' lang='lat' dir='ltr'><strong>armatis</strong></span> <span class='ocrx_word' id='word_1_223' title='bbox 1671 2560 2038 2635; x_wconf 83' lang='lat' dir='ltr'><strong>praebuerit.</strong></span> 
     </span>
     <span class='ocr_line' id='line_1_29' title="bbox 437 2644 2235 2721; baseline 0 -16"><span class='ocrx_word' id='word_1_224' title='bbox 437 2644 652 2705; x_wconf 82' lang='lat' dir='ltr'>XVHI.</span> <span class='ocrx_word' id='word_1_225' title='bbox 699 2645 845 2706; x_wconf 93' lang='lat' dir='ltr'><strong>Cum</strong></span> <span class='ocrx_word' id='word_1_226' title='bbox 876 2660 1092 2721; x_wconf 87' lang='lat' dir='ltr'><strong>parum</strong></span> <span class='ocrx_word' id='word_1_227' title='bbox 1121 2646 1451 2720; x_wconf 88' lang='lat' dir='ltr'><strong>quicquam</strong></span> <span class='ocrx_word' id='word_1_228' title='bbox 1472 2644 1852 2719; x_wconf 65' lang='lat' dir='ltr'><strong>succederet„</strong></span> <span class='ocrx_word' id='word_1_229' title='bbox 1882 2648 2101 2707; x_wconf 88' lang='lat' dir='ltr'><strong>consul</strong></span> <span class='ocrx_word' id='word_1_230' title='bbox 2124 2647 2235 2705; x_wconf 67' lang='lat' dir='ltr'><strong>mi·</strong></span> 
     </span>
     <span class='ocr_line' id='line_1_30' title="bbox 269 2728 2236 2805; baseline 0.002 -17"><span class='ocrx_word' id='word_1_231' title='bbox 269 2730 436 2789; x_wconf 83' lang='lat' dir='ltr'><strong>nime</strong></span> <span class='ocrx_word' id='word_1_232' title='bbox 464 2744 665 2805; x_wconf 87' lang='lat' dir='ltr'><strong>aequo</strong></span> <span class='ocrx_word' id='word_1_233' title='bbox 695 2730 899 2790; x_wconf 78' lang='lat' dir='ltr'><strong>animo</strong></span> <span class='ocrx_word' id='word_1_234' title='bbox 931 2728 1450 2804; x_wconf 85' lang='lat' dir='ltr'><strong>comparationem</strong></span> <span class='ocrx_word' id='word_1_235' title='bbox 1477 2729 1729 2790; x_wconf 87' lang='lat' dir='ltr'><strong>militum</strong></span> <span class='ocrx_word' id='word_1_236' title='bbox 1760 2730 2005 2804; x_wconf 88' lang='lat' dir='ltr'><strong>generis</strong></span> <span class='ocrx_word' id='word_1_237' title='bbox 2036 2746 2236 2791; x_wconf 84' lang='lat' dir='ltr'><strong>armo-</strong></span> 
     </span>
     <span class='ocr_line' id='line_1_31' title="bbox 269 2814 2236 2892; baseline 0.002 -20"><span class='ocrx_word' id='word_1_238' title='bbox 269 2828 532 2888; x_wconf 80' lang='lat' dir='ltr'><strong>rumque</strong></span> <span class='ocrx_word' id='word_1_239' title='bbox 565 2814 704 2874; x_wconf 75' lang='lat' dir='ltr'><strong>fieri</strong></span> <span class='ocrx_word' id='word_1_240' title='bbox 740 2814 1112 2889; x_wconf 77' lang='lat' dir='ltr'><strong>patiebatur3</strong></span> <span class='ocrx_word' id='word_1_241' title='bbox 1158 2814 1339 2873; x_wconf 86' lang='lat' dir='ltr'><strong>simul</strong></span> <span class='ocrx_word' id='word_1_242' title='bbox 1368 2827 1483 2873; x_wconf 93' lang='lat' dir='ltr'><strong>nec</strong></span> <span class='ocrx_word' id='word_1_243' title='bbox 1510 2820 1807 2874; x_wconf 88' lang='lat' dir='ltr'><strong>maturam</strong></span> <span class='ocrx_word' id='word_1_244' title='bbox 1838 2815 2236 2892; x_wconf 85' lang='lat' dir='ltr'><strong>expugnandi</strong></span> 
     </span>
     <span class='ocr_line' id='line_1_32' title="bbox 273 2897 2235 2973; baseline 0.001 -15"><span class='ocrx_word' id='word_1_245' title='bbox 273 2912 454 2972; x_wconf 84' lang='lat' dir='ltr'><strong>spem</strong></span> <span class='ocrx_word' id='word_1_246' title='bbox 481 2912 598 2958; x_wconf 87' lang='lat' dir='ltr'><strong>nec</strong></span> <span class='ocrx_word' id='word_1_247' title='bbox 625 2897 921 2959; x_wconf 79' lang='lat' dir='ltr'><strong>rationem</strong></span> <span class='ocrx_word' id='word_1_248' title='bbox 950 2898 1167 2973; x_wconf 89' lang='lat' dir='ltr'><strong>procul</strong></span> <span class='ocrx_word' id='word_1_249' title='bbox 1195 2914 1235 2957; x_wconf 87' lang='lat' dir='ltr'><strong>a</strong></span> <span class='ocrx_word' id='word_1_250' title='bbox 1263 2897 1416 2957; x_wconf 88' lang='lat' dir='ltr'><strong>mari</strong></span> <span class='ocrx_word' id='word_1_251' title='bbox 1444 2898 1596 2957; x_wconf 79' lang='lat' dir='ltr'><strong>etin</strong></span> <span class='ocrx_word' id='word_1_252' title='bbox 1626 2899 1917 2960; x_wconf 83' lang='lat' dir='ltr'><strong>evastatis</strong></span> <span class='ocrx_word' id='word_1_253' title='bbox 1947 2899 2091 2960; x_wconf 89' lang='lat' dir='ltr'><strong>belli</strong></span> <span class='ocrx_word' id='word_1_254' title='bbox 2113 2900 2235 2959; x_wconf 82' lang='lat' dir='ltr'><strong>cla-</strong></span> 
     </span>
     <span class='ocr_line' id='line_1_33' title="bbox 272 2980 2235 3058; baseline 0 -17"><span class='ocrx_word' id='word_1_255' title='bbox 272 2980 455 3043; x_wconf 87' lang='lat' dir='ltr'><strong>dibus</strong></span> <span class='ocrx_word' id='word_1_256' title='bbox 487 2981 642 3043; x_wconf 85' lang='lat' dir='ltr'><strong>locis</strong></span> <span class='ocrx_word' id='word_1_257' title='bbox 670 2981 1034 3042; x_wconf 75' lang='lat' dir='ltr'><strong>hibernandi</strong></span> <span class='ocrx_word' id='word_1_258' title='bbox 1059 2984 1245 3042; x_wconf 79' lang='lat' dir='ltr'><strong>ulla-m</strong></span> <span class='ocrx_word' id='word_1_259' title='bbox 1277 2980 1583 3042; x_wconf 80' lang='lat' dir='ltr'><strong>cernebat.</strong></span> <span class='ocrx_word' id='word_1_260' title='bbox 1648 2984 1857 3058; x_wconf 81' lang='lat' dir='ltr'><strong>itaque</strong></span> <span class='ocrx_word' id='word_1_261' title='bbox 1884 2983 2099 3043; x_wconf 79' lang='lat' dir='ltr'><strong>relicta</strong></span> <span class='ocrx_word' id='word_1_262' title='bbox 2125 2981 2235 3042; x_wconf 84' lang='lat' dir='ltr'><strong>ob-</strong></span> 
     </span>
     <span class='ocr_line' id='line_1_34' title="bbox 272 3065 2237 3142; baseline 0.001 -18"><span class='ocrx_word' id='word_1_263' title='bbox 272 3065 544 3141; x_wconf 86' lang='lat' dir='ltr'><strong>sidione,</strong></span> <span class='ocrx_word' id='word_1_264' title='bbox 601 3066 746 3141; x_wconf 77' lang='lat' dir='ltr'><strong>quia</strong></span> <span class='ocrx_word' id='word_1_265' title='bbox 781 3066 985 3127; x_wconf 85' lang='lat' dir='ltr'><strong>nullus</strong></span> <span class='ocrx_word' id='word_1_266' title='bbox 1027 3068 1088 3126; x_wconf 89' lang='lat' dir='ltr'><strong>in</strong></span> <span class='ocrx_word' id='word_1_267' title='bbox 1130 3073 1260 3127; x_wconf 88' lang='lat' dir='ltr'><strong>tota</strong></span> <span class='ocrx_word' id='word_1_268' title='bbox 1303 3068 1689 3126; x_wconf 82' lang='lat' dir='ltr'><strong>Acarnaniae</strong></span> <span class='ocrx_word' id='word_1_269' title='bbox 1732 3073 1915 3142; x_wconf 76' lang='lat' dir='ltr'><strong>atque</strong></span> <span class='ocrx_word' id='word_1_270' title='bbox 1954 3066 2237 3127; x_wconf 86' lang='lat' dir='ltr'><strong>Aetoliae</strong></span> 
     </span>
     <span class='ocr_line' id='line_1_35' title="bbox 271 3149 2233 3226; baseline -0.001 -16"><span class='ocrx_word' id='word_1_271' title='bbox 271 3166 385 3210; x_wconf 82' lang='lat' dir='ltr'><strong>ora</strong></span> <span class='ocrx_word' id='word_1_272' title='bbox 412 3157 628 3225; x_wconf 85' lang='lat' dir='ltr'><strong>portus</strong></span> <span class='ocrx_word' id='word_1_273' title='bbox 659 3160 819 3224; x_wconf 73' lang='lat' dir='ltr'><strong>emt,</strong></span> <span class='ocrx_word' id='word_1_274' title='bbox 851 3152 958 3226; x_wconf 84' lang='lat' dir='ltr'><strong>qui</strong></span> <span class='ocrx_word' id='word_1_275' title='bbox 988 3149 1167 3211; x_wconf 82' lang='lat' dir='ltr'><strong>simul</strong></span> <span class='ocrx_word' id='word_1_276' title='bbox 1197 3157 1258 3210; x_wconf 88' lang='lat' dir='ltr'><strong>et</strong></span> <span class='ocrx_word' id='word_1_277' title='bbox 1286 3150 1483 3209; x_wconf 90' lang='lat' dir='ltr'><strong>omnis</strong></span> <span class='ocrx_word' id='word_1_278' title='bbox 1514 3150 1845 3222; x_wconf 82' lang='lat' dir='ltr'><strong>onerarias,</strong></span> <span class='ocrx_word' id='word_1_279' title='bbox 1880 3164 2041 3225; x_wconf 80' lang='lat' dir='ltr'><strong>quae</strong></span> <span class='ocrx_word' id='word_1_280' title='bbox 2068 3164 2233 3210; x_wconf 86' lang='lat' dir='ltr'><strong>com·</strong></span> 
     </span>
     <span class='ocr_line' id='line_1_36' title="bbox 271 3232 2235 3309; baseline 0.002 -17"><span class='ocrx_word' id='word_1_281' title='bbox 271 3240 538 3294; x_wconf 78' lang='lat' dir='ltr'><strong>meatum</strong></span> <span class='ocrx_word' id='word_1_282' title='bbox 568 3233 859 3295; x_wconf 87' lang='lat' dir='ltr'><strong>exercitui</strong></span> <span class='ocrx_word' id='word_1_283' title='bbox 878 3234 1219 3309; x_wconf 73' lang='lat' dir='ltr'><strong>portabant,</strong></span> <span class='ocrx_word' id='word_1_284' title='bbox 1253 3240 1517 3307; x_wconf 88' lang='lat' dir='ltr'><strong>caperet,</strong></span> <span class='ocrx_word' id='word_1_285' title='bbox 1548 3241 1609 3293; x_wconf 87' lang='lat' dir='ltr'><strong>et</strong></span> <span class='ocrx_word' id='word_1_286' title='bbox 1624 3238 1789 3294; x_wconf 85' lang='lat' dir='ltr'><strong>tecta</strong></span> <span class='ocrx_word' id='word_1_287' title='bbox 1810 3234 1889 3293; x_wconf 83' lang='lat' dir='ltr'><strong>ad</strong></span> <span class='ocrx_word' id='word_1_288' title='bbox 1910 3232 2235 3295; x_wconf 80' lang='lat' dir='ltr'><strong>hibernan-</strong></span> 
     </span>
     <span class='ocr_line' id='line_1_37' title="bbox 273 3316 2234 3394; baseline 0.001 -17"><span class='ocrx_word' id='word_1_289' title='bbox 273 3318 422 3377; x_wconf 78' lang='lat' dir='ltr'><strong>dum</strong></span> <span class='ocrx_word' id='word_1_290' title='bbox 450 3317 796 3393; x_wconf 85' lang='lat' dir='ltr'><strong>legionibus</strong></span> <span class='ocrx_word' id='word_1_291' title='bbox 825 3318 1167 3394; x_wconf 73' lang='lat' dir='ltr'><strong>praeberet,</strong></span> <span class='ocrx_word' id='word_1_292' title='bbox 1199 3318 1499 3393; x_wconf 79' lang='lat' dir='ltr'><strong>Anticyra</strong></span> <span class='ocrx_word' id='word_1_293' title='bbox 1525 3317 1588 3376; x_wconf 92' lang='lat' dir='ltr'><strong>in</strong></span> <span class='ocrx_word' id='word_1_294' title='bbox 1614 3316 1901 3393; x_wconf 89' lang='lat' dir='ltr'><strong>Phocide,</strong></span> <span class='ocrx_word' id='word_1_295' title='bbox 1932 3318 1993 3377; x_wconf 84' lang='lat' dir='ltr'><strong>in</strong></span> <span class='ocrx_word' id='word_1_296' title='bbox 2024 3316 2234 3379; x_wconf 86' lang='lat' dir='ltr'><strong>Corin-</strong></span> 
     </span>
     <span class='ocr_line' id='line_1_38' title="bbox 271 3400 2237 3481; baseline 0.001 -20"><span class='ocrx_word' id='word_1_297' title='bbox 271 3400 464 3462; x_wconf 81' lang='lat' dir='ltr'><strong>thium</strong></span> <span class='ocrx_word' id='word_1_298' title='bbox 491 3417 678 3462; x_wconf 76' lang='lat' dir='ltr'><strong>versa</strong></span> <span class='ocrx_word' id='word_1_299' title='bbox 707 3402 935 3477; x_wconf 86' lang='lat' dir='ltr'><strong>sinum,</strong></span> <span class='ocrx_word' id='word_1_300' title='bbox 980 3401 1062 3461; x_wconf 86' lang='lat' dir='ltr'><strong>ad</strong></span> <span class='ocrx_word' id='word_1_301' title='bbox 1090 3401 1155 3461; x_wconf 78' lang='lat' dir='ltr'><strong>id</strong></span> <span class='ocrx_word' id='word_1_302' title='bbox 1183 3402 1706 3481; x_wconf 76' lang='lat' dir='ltr'><strong>opportunissime</strong></span> <span class='ocrx_word' id='word_1_303' title='bbox 1734 3403 1852 3463; x_wconf 85' lang='lat' dir='ltr'><strong>sita</strong></span> <span class='ocrx_word' id='word_1_304' title='bbox 1878 3402 2047 3476; x_wconf 84' lang='lat' dir='ltr'><strong>visa,</strong></span> <span class='ocrx_word' id='word_1_305' title='bbox 2091 3404 2237 3479; x_wconf 79' lang='lat' dir='ltr'><strong>quia</strong></span> 
     </span>
     <span class='ocr_line' id='line_1_39' title="bbox 273 3484 2220 3561; baseline 0.002 -17"><span class='ocrx_word' id='word_1_306' title='bbox 273 3500 390 3545; x_wconf 87' lang='lat' dir='ltr'><strong>nec</strong></span> <span class='ocrx_word' id='word_1_307' title='bbox 430 3486 650 3561; x_wconf 84' lang='lat' dir='ltr'><strong>procul</strong></span> <span class='ocrx_word' id='word_1_308' title='bbox 677 3484 994 3547; x_wconf 85' lang='lat' dir='ltr'><strong>Thessalia</strong></span> <span class='ocrx_word' id='word_1_309' title='bbox 1021 3486 1414 3561; x_wconf 74' lang='lat' dir='ltr'><strong>hostimnque</strong></span> <span class='ocrx_word' id='word_1_310' title='bbox 1449 3486 1607 3548; x_wconf 85' lang='lat' dir='ltr'><strong>locis</strong></span> <span class='ocrx_word' id='word_1_311' title='bbox 1650 3485 1889 3555; x_wconf 78' lang='lat' dir='ltr'><strong>aberat,</strong></span> <span class='ocrx_word' id='word_1_312' title='bbox 1925 3493 2097 3547; x_wconf 80' lang='lat' dir='ltr'><strong>etex</strong></span> <span class='ocrx_word' id='word_1_313' title='bbox 2126 3486 2220 3547; x_wconf 87' lang='lat' dir='ltr'><strong>ad·</strong></span> 
     </span>
    </p>
   </div>
  </div>
 </body>
</html>
