2548 3950
370 216 499 281 330
641 216 871 277 LfflEa
891 214 1213 273 xxxvm.
1260 212 1648 273 CAP.14.15.
1697 200 1862 285 [aqu.
1878 179 1934 267 1⁶.
1959 216 2084 283 563]

368 370 565 433 oratio
607 368 727 428 fnit
756 365 1087 427 summissa
1128 371 1189 425 et
1229 365 1514 439 infracta,
1563 366 1949 427 extenuantis
1989 382 2148 443 opes
2191 384 2347 429 suas

374 453 740 527 urbiumque
764 466 915 512 suae
938 450 1195 511 dicionis
1220 456 1552 523 egestatem
1577 450 1911 526 querentis.
1944 456 2117 510 erant
2137 457 2348 513 autem

374 537 493 599 sub
523 552 599 597 eo
630 540 876 611 praeter
904 532 1189 611 Cibyram
1218 540 1278 593 et
1300 532 1555 612 Syleum
1583 540 1648 593 et
1665 534 1906 595 Alimne
1937 548 2098 608 quae
2127 536 2344 609 appel-

372 623 546 680 latur.
591 634 671 679 ex
684 618 824 692 his,
866 625 935 679 ut
963 634 1033 677 se
1062 628 1342 693 suosque
1369 617 1697 692 spoliaret,
1737 616 2014 693 quinque
2043 623 2104 677 et
2130 617 2345 692 viginti

372 704 597 765 talenta
636 718 709 763 se
739 702 1186 775 coniecturum,
1230 714 1427 777 prope
1454 708 1524 762 ut
1549 700 1869 772 diffidam,
1919 699 2342 776 pollicebatur.

369 787 765 861 „enimvero“
804 786 1001 861 inquit
1031 785 1249 845 consul
1285 784 1471 860 „ferri
1511 784 1635 846 iam
1675 783 2012 847 ludificatio
2055 784 2176 845 ista
2217 801 2343 845 non

369 875 593 945 potest.
636 884 854 943 parum
884 874 981 929 est
1006 884 1129 929 non
1159 868 1484 930 erubuisse
1506 868 1840 941 absentem,
1880 883 2018 929 cum
2041 882 2152 943 per
2175 869 2342 943 lega-

373 963 471 1015 tos
514 953 895 1014 frustrareris
938 968 1087 1013 nos:
1144 967 1446 1027 praesens
1478 967 1730 1027 quoque
1756 952 1820 1011 in
1851 950 2066 1011 eadem
2093 959 2342 1026 perstas

370 1036 763 1112 impudentia.
818 1036 1089 1111 quinque
1129 1042 1191 1095 et
1229 1036 1458 1111 viginti·
1481 1037 1708 1097 talenta
1745 1034 2138 1115 tyrannidem
2175 1042 2346 1097 tuam

370 1119 775 1181 exhaurient?
827 1120 1157 1194 quingenta
1198 1136 1346 1193 ergo
1389 1121 1614 1180 talenta
1653 1118 1772 1179 nisi
1798 1119 2000 1180 triduo
2031 1132 2342 1193 numeraS,

370 1203 828 1279 populationem
855 1203 917 1262 in
948 1202 1131 1277 agris,
1164 1202 1553 1265 obsidionem
1573 1204 1640 1263 in
1659 1202 1812 1263 urbe
1833 1207 2194 1279 exspecta.“
2225 1201 2344 1263 hac

373 1285 831 1360 denuntiatione
872 1287 1237 1348 conterritus
1279 1293 1559 1361 perstare
1595 1293 1799 1349 tamen
1842 1286 1904 1354 in
1931 1284 2233 1361 pertinaci
2259 1285 2339 1345 si-

368 1370 701 1443 mulatione
728 1370 994 1447 inopiae.
1066 1376 1127 1430 et
1151 1371 1446 1446 paulatim
1473 1369 2142 1449 illiberali-adiectione,
2171 1385 2339 1431 nunc

372 1470 485 1529 per
514 1452 979 1528 cavillationem,
1010 1470 1173 1515 nunc
1202 1454 1493 1529 precibus
1523 1462 1582 1513 et
1609 1453 1906 1515 simulatis
1935 1453 2228 1527 lacrimiS,
2259 1454 2341 1514 ad

370 1544 613 1598 centum
653 1538 882 1598 talenta
920 1544 1017 1597 est
1059 1537 1415 1613 perductus.
1488 1538 1727 1599 adiecta
1765 1538 1981 1597 decem
2019 1534 2188 1597 milia
2215 1552 2342 1600 me-

368 1621 641 1683 dimnum
671 1620 972 1690 frumenti.
1015 1621 1171 1681 haec
1201 1621 1404 1682 omnia
1428 1619 1590 1681 intra
1615 1636 1729 1680 sex
1760 1620 1894 1681 dies
1925 1626 2166 1680 exacta.

536 1704 671 1764 XV.
722 1706 783 1764 A
811 1705 1038 1783 Cibyra
1076 1720 1190 1779 per
1226 1719 1412 1779 agros
1443 1702 1836 1782 Sindensium
1879 1704 2188 1765 exercitus
2231 1705 2338 1765 du·

374 1796 504 1848 etus
522 1833 538 1863 ,
594 1793 1153 1863 transgressusque
1203 1786 1517 1848 Caularem
1567 1802 1806 1847 amnem
1856 1786 2064 1863 posuit
2115 1794 2339 1849 castra.

368 1877 623 1947 postero
655 1869 755 1931 die
786 1877 1029 1946 praeter
1058 1869 1342 1931 Caralitin
1375 1870 1662 1946 paludem
1690 1886 1910 1953 agmen
1941 1870 2226 1941 ductum;
2258 1872 2336 1931 ad

368 1954 796 2031 Madamprum
838 1960 1211 2016 manserunt.
1269 1954 1414 2016 inde
1454 1952 1989 2030 progredientibus
2031 1952 2110 2014 ab
2148 1953 2340 2029 Laco,

370 2041 661 2115 proxima*
679 2040 848 2114 urbe,
878 2044 1045 2100 metu
1072 2039 1312 2099 incolae
1342 2039 1655 2114 fugerunt:
1684 2055 1960 2100 vacuum
1983 2038 2340 2101 horninibus

368 2130 431 2182 et
466 2125 756 2183 refertum
805 2139 1009 2184 rerum
1068 2122 1335 2182 omnium
1375 2121 1556 2197 copia
1598 2121 1910 2198 oppidum,
1936 2122 2341 2198 diripuerunt.

370 2206 515 2266 inde
544 2207 627 2266 ad
650 2205 838 2286 Lysis
869 2205 1141 2267 fluminis
1173 2207 1404 2278 fonteS‚
1449 2212 1703 2281 postero
1734 2205 1836 2266 die
1863 2208 1945 2267 ad
1973 2205 2341 2268 Cobulatum

262 2301 269 2306 ·
368 2304 609 2351 amnem
630 2290 968 2367 progressi.
995 2290 1470 2351 Termessenses
1495 2304 1571 2350 eo
1593 2289 2341 2365 tempore·1siondensium

368 2389 573 2433 arcem
621 2374 775 2434 urbe
825 2381 1006 2448 capta
1047 2373 1505 2448 oppugnabant.
1578 2371 1800 2434 inclusi
1843 2389 1983 2434 cum
2023 2373 2144 2434 alia
2183 2389 2338 2448 spes

368 2457 577 2516 auxilii
606 2457 772 2518 nulla
798 2464 983 2528 esset,
1014 2459 1249 2532 legatos
1281 2458 1361 2517 ad
1391 2457 1712 2518 consulem
1741 2464 1990 2518 orantes
2019 2471 2206 2532 opem
2227 2458 2340 2518 mi-

370 2547 612 2601 serunt:
678 2555 819 2601 cum
868 2540 1231 2616 coniugibus
1283 2555 1358 2600 ac
1396 2539 1604 2602 liberis
1647 2540 1708 2598 in
1751 2555 1895 2601 arce
1941 2538 2224 2602 inclusos
2265 2555 2340 2601 se

363 2631 621 2685 mortem
643 2624 704 2683 in
728 2625 881 2695 dieS,
910 2631 1016 2684 aut
1042 2625 1206 2684 ferro
1241 2631 1347 2684 aut
1367 2624 1528 2684 fame
1549 2623 1918 2702 patiendam,
1949 2632 2338 2701 exspectare.

308 2701 315 2709 ’
365 2709 598 2767 volenti
652 2706 890 2768 consuli
930 2721 1121 2767 causa
1160 2709 1221 2767 in
1261 2707 1686 2786 Pamphyliam
1727 2709 2086 2770 devertendi
2130 2708 2340 2771 oblata

365 2796 482 2849 est.
535 2789 871 2850 adveniens
917 2789 1241 2851 obsidione
1282 2791 1666 2852 Isiondensis
1709 2791 1959 2864 exemit,
2002 2793 2336 2852 Termesso

368 2887 589 2949 pacem
628 2872 799 2934 dedit
839 2873 1282 2948 quinquaginta
1308 2874 1552 2936 talentis
1581 2875 1815 2950 argenti
1841 2875 2145 2950 acceptis;
2192 2874 2338 2936 item

364 2957 703 3032 Aspendiis
734 2958 1080 3032 ceterisque
1107 2957 1508 3036 Pamphyliae
1534 2959 1805 3034 populis.
1865 2974 1944 3020 ex
1970 2957 2334 3037 Pamphylia

364 3041 613 3102 rediens
644 3041 725 3102 ad
755 3039 1007 3102 fiuvium
1028 3041 1295 3104 Taurum
1315 3041 1512 3117 primo
1535 3043 1654 3116 die,
1687 3049 1940 3117 postero
1965 3043 2046 3102 ad
2065 3043 2338 3122 Xylinen

364 3141 550 3200 quam
576 3131 801 3186 vocant
828 3125 1054 3186 Comen
1087 3125 1296 3202 posuit
1325 3132 1547 3188 castra.
1619 3127 1936 3202 protectus
1967 3125 2111 3186 inde
2141 3124 2338 3190 conti-

362 3208 647 3270 nentibus
696 3208 1011 3271 itineribus
1056 3210 1135 3270 ad
1176 3209 1474 3271 Cormasa
1510 3211 1723 3272 urbem
1767 3209 2066 3285 pervenit.
2135 3211 2338 3272 Darsa

364 3293 649 3366 proxima
684 3293 835 3354 urbs
876 3300 1035 3354 erat:
1080 3309 1216 3353 eam
1253 3299 1421 3355 metu
1459 3294 1797 3357 incolarum
1827 3294 2334 3371 desertam„ple-

366 3391 506 3434 nam
548 3375 815 3436 omnium
862 3391 1064 3436 rerum
1094 3375 1279 3452 copia
1315 3375 1567 3438 invenit.
1633 3377 2053 3453 progredienti
2089 3385 2340 3454 praeter

364 3457 626 3528 paludes
678 3457 860 3532 legati
900 3459 975 3518 ab
1014 3457 1289 3537 Lysinoe
1331 3461 1626 3524 dedentes
1669 3461 1971 3523 civitatem
2011 3467 2338 3523 venerunt.
