2548 3950
391 206 528 275 206
687 208 912 267 LIBER
938 207 1177 267 XXXV.
1226 206 1392 265 CAP.
1414 214 1501 268 34³
1527 214 1615 267 35.
1663 212 1737 279 [a.
1763 212 1907 265 Ucc.
1930 208 2057 277 560]

393 364 676 425 sinerent„
723 367 788 421 et
813 358 1126 435 simplices
1165 358 1447 421 homines
1488 353 1913 422 misericordia
1940 366 2002 419 et
2028 358 2366 437 improbos

392 445 862 520 seditiososque.
885 442 1263 507 immiscendi
1291 458 1394 503 res
1421 443 1685 504 tumultu
1706 444 1989 505 Aetolico
2028 460 2179 521 spes
2222 462 2345 507 mo·

391 532 508 589 vite
564 544 677 605 pro
719 544 789 589 se
830 528 1098 603 quisque
1135 526 1415 587 revocari
1460 525 1768 588 iubebant.
1827 526 1935 606 his,
1968 532 2346 604 praeparatis

391 613 635 676 Diocles
666 628 803 673 cum
834 612 995 672 omni
1025 611 1402 685 equitatu.--
1424 618 1484 669 et
1506 616 1635 669 erat
1656 616 1783 671 tum
1806 613 2157 685 praefectus
2180 616 2345 689 equi·

391 705 518 761 tum
538 728 626 744 —·-
643 696 861 771 speeie
875 695 1224 759 reducentis,
1248 695 1527 755 exsulem
1548 693 1855 769 hospitem
1884 696 2223 771 profectus,
2254 698 2345 757 die

393 796 466 841 ac
495 788 676 841 nocte
703 780 928 853 ingens
951 780 1062 841 iter
1087 793 1410 849 emensus,
1444 792 1582 840 cum
1608 778 1776 841 milia
1808 794 1927 840 sex,
1951 780 2031 843 ab
2059 780 2343 842 urbeab-

390 870 588 937 esset,
619 865 754 924 luce
783 864 979 938 prima
1005 862 1197 925 tribus
1226 862 1707 937 electisturmisz,
1738 870 1944 923 cetera
1971 864 2347 926 multitudine

391 945 664 1024 equitum
717 947 1016 1023 subsequi
1067 947 1268 1021 iussa,
1322 945 1691 1022 praecessit„
1752 954 2085 1022 postquam
2136 956 2343 1024 portae

391 1031 1252 1113 appropinquabaudesiline
1290 1045 1507 1093 omnes
1549 1044 1629 1089 ex
1668 1032 1847 1105 equis
1889 1031 2071 1095 iussit
2100 1040 2165 1093 et
2199 1032 2341 1094 loris

391 1116 620 1177 ducere
647 1132 876 1190 equos,
909 1114 1144 1177 itineris
1167 1114 1644 1177 manauermodo
1675 1114 1892 1177 solutis
1914 1115 2257 1191 ordinibus,
2284 1123 2344 1177 ut

393 1198 720 1259 comitatus·
741 1199 936 1273 magis
969 1198 1260 1273 praefecti
1288 1198 1599 1262 videretur
1622 1214 1805 1274 quam
1830 1200 2229 1273 praesidium.
2267 1200 2337 1262 ibi

389 1298 516 1344 una·
541 1298 618 1345 ex
647 1283 862 1345 turmis
894 1284 980 1344 ad·
1004 1290 1244 1358 portam
1270 1281 1511 1356 relicta,
1557 1294 1637 1343 ne
1676 1282 1923 1345 excludi
1950 1284 2336 1360 subsequens

391 1368 696 1444 equitatus
729 1373 972 1442 posset,
1010 1366 1396 1429 medin-urbe
1423 1382 1495 1427 ac
1526 1382 1636 1441 per
1671 1367 1897 1441 fortun,
1914 1422 1919 1427 .
1937 1384 2125 1431 manu
2149 1368 2337 1445 Eury·

391 1451 638 1514 lechum
657 1457 874 1514 tenens
904 1450 1601 1515 mansuetem-rentibus
1640 1451 2209 1529 gratulantibusque
2236 1453 2334 1514 do-

390 1552 552 1594 mum
585 1535 856 1597 deduxit.
905 1552 1050 1597 mox
1089 1537 1362 1611 equitum
1390 1536 1574 1610 plena
1600 1536 1749 1597 urbs
1778 1542 1937 1609 erat,
1980 1543 2041 1597 et
2066 1538 2325 1610 loca-op-

392 1625 653 1692 portuna
683 1621 1160 1693 occupabantur.
1205 1626 1334 1681 tum
1362 1620 1422 1679 in
1450 1618 1671 1681 domos
1699 1619 1879 1681 missi
1904 1620 2009 1695 qui
2036 1620 2333 1696 principes

392 1699 692 1786 adversae
723 1702 1002 1763 factionis
1037 1704 1466 1764 interficerent.
1510 1702 1595 1765 ita
1619 1703 1959 1765 Demetrias
1988 1706 2335 1767 Aetolorum

393 1786 550 1845 sacta
580 1791 694 1845 est.

555 1868 798 1932 XXXV.
863 1868 1327 1941 Lacedaemone
1367 1886 1491 1932 non
1530 1871 1669 1933 urbi
1708 1872 1815 1933 vis
1846 1871 2187 1935 adferenda
2231 1873 2334 1935 sed

389 1952 862 2030 tyrannus-dolo
893 1952 1236 2030 capiendus
1262 1964 1423 2030 erat,
1456 1972 1639 2032 quem
1668 1953 1997 2034 spoliatum
2033 1958 2331 2020 maritimis

391 2037 638 2111 oppidis
681 2038 762 2098 ab
800 2038 1122 2111 Romanis,
1171 2045 1317 2100 tunc
1356 2041 1514 2102 intra
1553 2041 1799 2104 moenia
1825 2042 2009 2104 etiam
2038 2041 2331 2104 Lacedae-

390 2121 590 2181 monis
634 2121 710 2182 ab
739 2122 1008 2184 Achaeis
1051 2125 1441 2198 compitisum
1482 2125 1589 2200 qui
1630 2132 2004 2200 occupasset
2038 2127 2329 2197 occidere,

389 2220 530 2266 eum
550 2205 735 2268 totius
759 2208 1012 2282 gratiam
1025 2208 1123 2268 rei
1145 2209 1313 2283 apud
1334 2209 1856 2271 Lacedaemonios
1878 2211 2159 2271 laturum.
2202 2226 2330 2270 cau·

390 2305 522 2350 sam
550 2291 822 2352 mittendi
849 2291 931 2352 ad
958 2306 1096 2350 eum
1124 2291 1497 2364 habuerunt,
1531 2293 1707 2368 quod·
1724 2293 2017 2369 fatigabat
2036 2294 2329 2370 precibus

389 2381 454 2432 ut
481 2376 710 2435 auxilia
737 2376 882 2446 sibi,
916 2391 1060 2436 cum
1082 2375 1206 2436 illis
1221 2377 1590 2438 auctoribus
1614 2377 2004 2450 rebellasset,
2038 2379 2327 2440 mitteren-

391 2464 502 2516 tur.
549 2459 712 2518 mille
743 2460 980 2534 pedites
1007 2461 1385 2522 Alexameno
1416 2462 1541 2521 dati
1569 2469 1745 2534 sunt,
1778 2468 1841 2522 et-
1856 2461 2105 2537 triginta
2124 2461 2327 2524 delecti

389 2556 468 2600 ex
498 2540 1092 2617 iuventuteoquitest
1137 2543 1212 2603 iis
1241 2560 1281 2604 a
1310 2552 1597 2620 praetore
1613 2545 1963 2607 Damocrito
1991 2546 2065 2606 iun
2086 2545 2327 2608 consilio

388 2639 613 2684 arcano
644 2627 872 2700 gentis,
915 2627 995 2686 de
1039 2643 1162 2703 quo
1189 2636 1348 2688 -ante
1375 2629 1604 2690 dictum
1632 2636 1757 2702 est,
1807 2629 2223 2704 denuntiatur,
2262 2645 2328 2688 ne

389 2721 459 2766 se
487 2708 568 2768 ad
597 2707 827 2768 bellum
845 2709 1183 2772 Achaicum
1213 2720 1319 2773 aut
1335 2729 1465 2773 rem
1486 2715 1699 2788 ullam,
1732 2729 1921 2788 quam·
1937 2727 2059 2775 sua
2080 2716 2325 2790 quisque

389 2789 676 2866 opinione
705 2791 1064 2867 praecipere
1091 2803 1337 2868 posset,
1370 2797 2124 2859 crederentmissosesse.
2170 2797 2325 2874 quid-

388 2873 536 2949 quid
562 2876 1008 2937 Alexamenum
1032 2893 1142 2938 res
1164 2879 1464 2942 movisset
1492 2883 1677 2943 subisti
1706 2882 1947 2944 consilii
1980 2899 2234 2959 capere,
2258 2880 2325 2940 ad

385 2958 477 3030 id,
537 2959 818 3034 quamvis
859 2959 1236 3036 inopinatum
1278 2967 1659 3028 temerarium
1700 2966 1934 3040 audaX,
1988 2967 2325 3028 obedienter

385 3044 850 3120 exsequendam
871 3047 1064 3121 parati
1083 3055 1309 3121 essent,
1332 3065 1407 3110 ac
1433 3066 1544 3125 pro
1564 3066 1638 3110 eo
1659 3050 2016 3126 acciperent
2034 3059 2324 3126 tamquam

384 3128 464 3187 ad
503 3127 565 3188 id
607 3146 789 3189 unum
831 3131 1138 3205 agendum
1177 3132 1405 3194 missos
1446 3135 1525 3195 ab
1564 3135 1747 3196 domo
1789 3150 1860 3194 se
1900 3136 2149 3196 scirent.
2203 3147 2323 3196 cum

384 3210 478 3270 his
509 3211 591 3272 ita
621 3215 998 3288 praeparatis
1021 3216 1438 3278 Alexamenus
1468 3218 1549 3279 ad
1577 3225 1902 3297 tyrannum
1928 3217 2126 3293 venit,
2162 3231 2320 3294 quem

383 3293 718 3356 adveniens
748 3300 1058 3374 extemplo
1085 3300 1222 3375 spei
1259 3298 1567 3376 implevitt
1608 3302 1980 3364 Antiochum
2002 3305 2125 3363 iam
2141 3311 2319 3364 trans-

385 3375 510 3469 isse
543 3377 602 3436 in
629 3377 970 3453 Europam,
1001 3398 1147 3443 mox
1168 3383 1232 3442 in
1255 3384 1521 3446 Graecia
1536 3387 1667 3446 fore
1681 3433 1697 3461 ,
1724 3394 1917 3446 terras
1941 3389 2133 3448 maria
2154 3383 2321 3447 armis

389 3468 532 3516 vms
556 3461 1019 3533 completurum.
1062 3483 1188 3526 non
1211 3481 1351 3526 cum
1372 3467 1653 3545 Philippo
1675 3485 1805 3530 rem
1825 3485 1975 3532 esse
1998 3470 2319 3532 credituros
