2548 3950
383 171 509 235 242
667 172 897 232 LissER
925 170 1188 231 XXXVI.
1239 172 1403 231 CAP.
1435 179 1630 231 2223.
1676 178 1749 244 [a.
1774 175 1843 227 u.
1868 193 1916 228 e..
1939 175 2067 244 561]

389 341 551 399 equo
579 322 824 383 moenia
851 329 948 382 est
974 323 1437 382 circumvectus.
1504 322 1621 380 sita
1649 327 1747 381 est·
1769 320 2069 383 Heraclea
2096 320 2155 382 in
2186 324 2352 384 radi·

391 409 559 467 cibus
604 406 791 467 Oetae
831 406 1084 477 montiS,
1127 406 1265 480 ipsa
1304 404 1364 463 in
1403 418 1651 480 camp0,
1693 419 1897 465 arcem
1940 404 2354 467 imminentem

391 497 525 551 loco
559 491 678 551 alto
709 496 770 550 et
793 489 1066 564 undique
1089 486 1406 564 praecipiti
1426 487 1627 549 habet.
1676 489 2120 562 contemplatus
2143 490 2356 551 omnia

393 591 549 649 quae
578 574 896 634 noscenda
925 580 1114 646 erant,
1148 578 1432 647 quattuor
1461 572 1638 633 simul
1667 571 1820 632 locis
1850 571 2104 647 adgredi
2131 572 2353 635 urbem

391 656 715 717 constituit.
782 672 819 715 a
861 655 1109 716 flumine
1137 658 1389 730 Asop0,
1431 670 1554 729 qua
1594 661 1655 715 et
1692 654 2083 733 gymnasium
2112 665 2232 730 est,
2280 657 2354 716 L.

389 741 700 801 Valerium
743 740 1035 815 operibus
1076 746 1261 813 atque
1298 738 1742 815 oppugnationi
1772 740 2161 815 praeposuit3
2205 757 2354 815 par-

389 833 505 885 tem
539 832 708 884 extra
734 838 975 896 murm,
1022 838 1182 898 quae
1213 823 1590 897 frequentius
1618 838 1818 898 prope
1848 838 2030 898 quam
2059 823 2207 885 urbs
2239 822 2360 882 ha-

387 909 720 981 bitabatur,
762 908 847 968 Ti.
881 906 1244 983 Sempronio
1288 906 1503 980 Longo
1546 905 2025 983 oppugnandam
2067 907 2270 977 dedit;
2317 923 2359 965 a

393 995 531 1051 sinu
559 992 835 1063 Maliaco,
869 1006 1030 1065 quae
1058 991 1286 1050 aditum
1313 990 1479 1050 haud
1510 991 1749 1051 facilem
1778 1006 1924 1066 pars
1953 990 2230 1063 habebat,
2268 990 2358 1050 Μ.

389 1076 700 1147 Baebium,
730 1075 807 1134 ab
830 1075 1018 1134 altero
1042 1074 1365 1147 amniculo,
1399 1088 1577 1148 quem
1600 1074 1841 1135 Melana
1861 1079 2102 1147 vocant,
2128 1072 2357 1135 adver-

393 1177 499 1219 sus
533 1158 758 1219 Dianae
787 1159 1076 1231 templum
1105 1158 1226 1231 Ap.
1258 1156 1573 1217 Claudium
1604 1159 1913 1234 opposuit.
1974 1157 2189 1219 horum
2215 1174 2360 1217 ma-

391 1261 510 1319 gno
545 1240 868 1302 certamine
895 1242 1054 1301 intra
1082 1255 1318 1316 paucos
1350 1240 1484 1302 dies
1515 1249 1710 1302 turres
1738 1240 2087 1316 arietesque
2110 1247 2169 1301 et
2188 1241 2360 1301 alius

393 1325 587 1387 omnis
642 1331 974 1402 apparatus
1014 1325 1567 1401 oppugnandarum
1608 1326 1847 1386 urbium
1887 1324 2223 1405 perficitur:
2295 1331 2364 1385 et

395 1429 527 1471 cum
571 1425 717 1484 ager
745 1409 1175 1471 Heracleensis
1218 1410 1489 1484 paluster
1528 1409 1726 1471 omnis
1756 1410 2173 1485 frequensque
2203 1424 2360 1483 pro-

396 1497 551 1553 ceris
579 1490 902 1554 arboribus
930 1494 1195 1568 benigne
1222 1493 1302 1552 ad
1333 1507 1511 1553 omne
1533 1508 1730 1568 genus
1755 1508 2013 1568 operum
2036 1492 2359 1553 materiam

395 1597 465 1637 su
473 1597 509 1651 p
517 1576 855 1653 peditabat3
898 1584 1054 1649 tum,
1100 1578 1242 1651 quia
1284 1578 1637 1652 refugerant
1676 1578 1830 1638 intra
1856 1575 2100 1637 moenia
2126 1577 2359 1651 Aetoli,

395 1663 652 1732 deserta,
685 1675 842 1735 quae
870 1661 930 1719 in
964 1660 1264 1722 vestibulo
1288 1662 1455 1721 urbis
1480 1669 1668 1735 erant,
1702 1667 1859 1722 tecta
1882 1662 1941 1721 in
1966 1658 2169 1722 varios
2194 1676 2361 1721 usus

395 1763 513 1803 non
563 1744 728 1819 tigna
767 1742 952 1804 modo
995 1750 1055 1803 et
1093 1744 1331 1804 tabulas
1374 1744 1489 1804 sed
1528 1747 1777 1805 laterem
1821 1759 2069 1820 quoque
2110 1751 2169 1805 et
2208 1758 2360 1804 cae-

395 1835 593 1887 menta
624 1835 684 1888 et
712 1842 864 1887 saxa
889 1825 1100 1887 variae
1125 1825 1558 1901 magnitudinis
1589 1828 1981 1904 praebebant.
2034 1827 2243 1888 XXIII.
2298 1837 2365 1889 et

395 1910 650 1974 Romani
691 1911 939 1988 quidem
980 1910 1272 1987 operibus
1311 1911 1507 1988 magis
1552 1928 1733 1989 quam
1774 1912 1957 1973 armis
1992 1912 2205 1973 urbem
2234 1927 2359 1988 op—

399 1997 772 2072 pugnabant,
816 1995 1018 2056 Aetoli
1059 2002 1270 2057 contra
1311 1996 1494 2057 armis
1524 2013 1596 2058 se
1628 1997 1969 2058 tuebantur.
2040 2012 2180 2056 nam
2210 2012 2361 2057 cum

393 2084 581 2140 ariete
611 2086 1004 2155 quaterentur
1030 2080 1216 2154 muri,
1245 2096 1369 2141 non
1399 2081 1667 2156 laqueis,
1696 2087 1765 2141 ut
1791 2083 2021 2152 solent,
2053 2087 2361 2154 exceptos

395 2164 780 2225 declinabant
820 2164 1004 2235 ictuS‚
1049 2164 1163 2225 sed
1203 2163 1416 2225 armati
1458 2165 1840 2240 frequentes,
1885 2163 2134 2241 quidam
2172 2164 2361 2238 ignes

397 2252 605 2322 etiam,
643 2264 802 2325 quos
836 2246 1163 2324 aggeribus
1195 2247 1506 2322 inicerent,
1537 2248 1831 2309 ferebant.
1901 2248 2166 2310 fornices
2198 2265 2362 2322 quo-

399 2350 519 2406 que
550 2336 606 2392 in
637 2349 810 2393 muro
843 2338 1015 2391 erant
1043 2333 1169 2406 apti
1195 2332 1276 2392 ad
1306 2332 1788 2402 excurrendum-;
1832 2338 1893 2392 et
1920 2331 2039 2408 ipsi
2070 2346 2207 2392 cum
2234 2347 2361 2407 pro

397 2416 607 2476 dirutis
631 2415 952 2477 reficerent
973 2431 1202 2489 muros,
1232 2415 1577 2477 crebriores
1601 2431 1730 2489 eoo,
1756 2422 1824 2476 ut
1845 2414 2124 2491 pluribus
2147 2430 2358 2476 erum-

395 2508 642 2572 peretur
688 2499 747 2558 in
789 2498 1031 2559 hostem
1070 2497 1255 2574 lociS,
1301 2499 1623 2562 faciebant.
1692 2499 1812 2562 hoc
1856 2499 2067 2576 primis
2110 2498 2361 2575 diebuS,

397 2586 539 2642 dum
577 2583 850 2656 integrae
895 2583 1058 2643 vires
1101 2592 1303 2658 erant,
1346 2591 1407 2644 et
1433 2585 1785 2660 frequentes
1815 2591 1875 2643 et
1902 2581 2159 2659 impigre
2189 2583 2361 2643 fece-

395 2674 565 2734 runt3
609 2665 668 2724 in
706 2664 839 2725 dies
883 2665 1108 2726 deinde
1144 2667 1471 2742 pauciores
1513 2675 1574 2729 et
1613 2666 1886 2743 segnius.
1949 2665 2171 2729 etenim
2210 2679 2362 2727 cum

396 2750 594 2809 multis
635 2755 999 2822 urgerentur
1036 2750 1254 2824 rebus,
1299 2751 1466 2811 nulla
1493 2767 1605 2813 eos
1643 2767 1746 2812 res
1776 2765 1976 2826 aeque
2003 2766 2079 2810 ac
2106 2747 2365 2824 vigiliae

397 2831 819 2906 conficiebant,
852 2833 1144 2894 Romanis
1181 2835 1238 2894 in
1267 2849 1491 2910 magna
1518 2833 1700 2910 copia
1728 2835 1981 2897 militum
2009 2833 2361 2895 succeden-

395 2918 555 2978 tibus
597 2914 733 2976 aliis
774 2916 833 2976 in
875 2915 1196 2979 stationem
1237 2918 1522 2993 aliorum,
1565 2921 1823 2980 Aetolos
1854 2924 2107 2995 propter
2140 2917 2361 2993 pauci·

395 3010 575 3061 tatem
604 3001 860 3063 eosdem
890 3002 1025 3062 dies
1054 3008 1396 3078 noctesque
1426 3002 1685 3065 adsiduo
1717 3001 1924 3063 labore
1952 3009 2183 3063 urente.
2238 3017 2363 3075 per

395 3093 679 3160 quattuor
708 3093 769 3147 et
793 3086 1002 3161 viginti
1033 3087 1197 3162 dieS,
1240 3087 1323 3147 ita
1350 3093 1417 3147 ut
1444 3087 1670 3147 nullum
1702 3093 1940 3161 tempus
1970 3100 2228 3146 vacuum
2258 3084 2358 3144 di-

393 3169 715 3230 micatione
739 3177 922 3244 esset,
953 3170 1252 3230 adversus
1280 3176 1565 3244 quattuor
1587 3184 1623 3228 e
1644 3170 1921 3245 partibus
1945 3169 2125 3230 simul
2151 3184 2356 3243 oppu-

389 3262 674 3326 gnantem
715 3253 952 3314 hostem
997 3260 1330 3314 nocturnus
1367 3254 1583 3313 diurno
1616 3254 2003 3316 continuatus
2033 3252 2204 3312 labor
2231 3258 2355 3311 est.

393 3352 529 3394 eum
561 3336 842 3410 fatigatos
872 3335 992 3395 iam
1013 3337 1268 3396 Aetolos
1298 3336 1483 3398 sciret
1511 3338 1728 3398 consul
1752 3342 1814 3396 et
1839 3352 1919 3397 ex
1940 3336 2176 3398 ratione
2201 3341 2356 3395 tem-

390 3418 559 3490 poris
591 3426 651 3478 ct
693 3418 861 3492 quod
900 3415 983 3478 ita
1025 3418 1376 3494 transfugae
1404 3418 1835 3495 adfirmabant,
1878 3421 1997 3482 tale
2024 3418 2358 3482 consilium
