2548 3950
440 186 565 248 288
706 185 939 244 LIBER
966 183 1261 244 xxxvll.
1307 183 1472 246 cAP.
1495 191 1584 244 30.
1609 191 1700 244 31.
1743 190 1818 256 [a.
1845 188 1914 240 U.
1941 206 1992 241 c.
2017 185 2150 254 562]

437 357 569 402 rum
600 347 925 414 postquam
953 337 1107 398 alias
1132 337 1596 408 circumventas,
1634 334 2011 410 praetoriam
2040 351 2264 395 navem
2291 336 2386 395 Po—

352 455 375 476 .
438 422 767 501 lyxenidae
802 419 1033 482 relictis
1062 419 1251 480 sociis
1283 419 1420 478 vela
1445 419 1692 478 dantem
1724 417 1937 478 videre
1951 463 1968 490 ,
2017 417 2282 479 sublatis
2309 437 2388 478 ra-

436 505 583 581 ptim
624 503 952 566 dolonibus
978 535 1063 546 —
1092 510 1153 563 et
1178 509 1311 563 erat
1347 502 1660 564 secundus
1697 502 2056 576 petentibus
2087 501 2390 576 Ephesum

432 597 653 649 ventus
672 621 761 634 ——
780 595 1117 663 capessunt
1160 587 1368 660 rugam
1409 584 1814 660 quadraginta
1849 583 2100 646 duabus
2145 586 2389 645 navibus

436 673 499 732 in
528 687 605 732 ea
642 687 849 748 pugna
872 667 1148 742 amissiS,
1192 685 1452 744 quarum
1479 668 1695 728 decem
1723 675 1850 728 tres
1881 675 2110 742 captae
2141 667 2210 727 in
2239 675 2390 744 pote·

436 763 653 816 statem
680 755 947 816 hostium
974 759 1290 827 venerunt,
1320 760 1558 812 ceterae
1593 752 1885 811 incensae
1915 758 2024 812 aut
2060 751 2388 811 demersae.

438 839 849 899 Romanorum
882 836 1041 896 duae
1068 851 1264 896 naves
1293 836 1524 896 tractae
1552 840 1712 905 sunt,
1742 835 2108 896 vulneratae
2143 833 2388 909 aliquot:

438 921 677 982 Rhodia
700 937 825 982 una
851 928 1032 994 capta
1060 917 1434 978 memorabili
1463 932 1632 978 casu.
1683 933 1822 978 nam
1855 932 1995 977 cum
2023 924 2242 978 rostro
2273 933 2388 993 per-

436 1005 741 1065 cussisset
776 1001 1093 1064 Sidoniam
1130 1017 1380 1075 navem,
1427 1015 1656 1060 ancora
1693 1000 1816 1062 ictu
1861 999 2003 1074 ipso
2055 1015 2332 1061 excussa
2365 1017 2390 1059 e

438 1102 595 1146 nave
623 1103 740 1148 sua
765 1100 927 1146 unco
956 1085 1169 1156 dente,
1199 1085 1364 1144 velut
1389 1099 1574 1142 mauu
1601 1083 1802 1143 ferrea
1827 1083 2078 1156 iniecta,
2115 1083 2391 1159 affligant

437 1169 687 1230 alterius
716 1185 993 1244 proram3
1034 1167 1177 1226 inde
1206 1167 1466 1227 tumultu
1491 1166 1712 1228 iniecto
1744 1181 1883 1226 cum
1905 1166 2218 1227 divellere
2239 1183 2308 1228 se
2329 1167 2388 1226 ab

434 1251 614 1312 hoste
664 1253 983 1327 cupientes
1032 1249 1374 1310 inhiberent
1408 1248 1660 1324 Rhodii,
1707 1256 1969 1310 tractum
2008 1253 2314 1312 ancorale
2347 1259 2391 1309 et

435 1335 785 1410 implicitum
832 1336 1016 1396 remis
1064 1334 1223 1393 latus
1264 1334 1519 1394 alterum
1569 1333 1847 1402 detersit;
1905 1332 2297 1396 debilitatam
2333 1351 2390 1393 ea

436 1418 591 1493 ipsa,
626 1435 783 1495 quac
811 1418 931 1478 icta
958 1417 1334 1490 cohaeserat,
1363 1416 1538 1476 navis
1559 1415 1740 1492 cepit.
1780 1415 1901 1476 hoc
1923 1416 2203 1476 maxime
2227 1418 2388 1478 modo

436 1501 515 1560 ad
543 1502 948 1578 Myonnesum
976 1500 1175 1560 navali
1204 1501 1441 1575 proelio
1470 1507 1804 1574 pugnatum
1833 1506 1950 1559 est.

603 1585 810 1644 XXXI.
853 1585 985 1658 Quo
1012 1584 1253 1644 territus
1272 1582 1634 1657 AntiochuS,
1663 1582 1812 1658 quia
1841 1583 2263 1658 possessione
2285 1599 2386 1643 ma-

437 1669 520 1728 ris
552 1668 768 1740 pulsus
799 1667 1133 1741 longinqua
1160 1667 1314 1726 tueri
1337 1665 1654 1726 diffidebat
1680 1683 1752 1726 se
1780 1682 1992 1742 posse,
2019 1667 2387 1742 praesidium

436 1751 515 1812 ab
542 1747 961 1827 Lysimachia,
1004 1766 1083 1808 ne
1111 1749 1556 1824 opprimeretur
1582 1749 1665 1809 ibi
1694 1751 1774 1810 ab
1799 1751 2102 1812 Romanis
2119 1795 2137 1824 ,
2183 1750 2386 1812 deduci

440 1847 649 1908 pravo,
680 1838 747 1892 ut
771 1847 874 1892 res
903 1831 1043 1906 ipsa
1073 1838 1295 1906 postea
1316 1833 1540 1906 docuit,
1571 1834 1830 1895 consilio
1853 1832 2054 1894 iussit.
2089 1849 2220 1895 nou
2245 1834 2383 1894 enim
2469 1857 2471 1870 =

438 1915 591 1979 tueri
618 1916 819 1978 solum
844 1915 1294 1993 Lysimachiam
1321 1932 1360 1977 a
1387 1917 1580 1993 primo
1609 1918 1844 1993 impetu
1863 1918 2290 1979 Romanorum
2315 1919 2386 1979 la·

438 2001 553 2061 cile
594 2008 753 2073 erat,
796 2002 910 2061 scd
951 2000 1338 2062 obsidionem
1379 2000 1560 2063 etiam
1598 2017 1710 2077 per
1733 2008 1923 2063 totam
1950 2000 2222 2064 hiemem
2255 2004 2383 2063 tole-

434 2099 592 2159 rare,
632 2091 693 2142 et
722 2083 1063 2145 obsidentis
1090 2096 1344 2159 quoque
1377 2085 1459 2143 ad
1485 2084 1754 2147 ultimam
1783 2085 2056 2160 inopiam
2087 2086 2384 2147 adducere
2471 2094 2473 2103 ·

436 2166 812 2229 extrahendo
842 2173 1104 2243 tempuS,
1135 2174 1197 2229 et
1221 2168 1460 2227 interim
1488 2183 1663 2243 spem
1693 2169 1866 2243 pacis
1891 2184 2006 2244 per
2029 2170 2384 2231 occasiones

438 2258 747 2327 temptare.
791 2266 907 2311 nec
926 2250 1379 2329 Lysimachiam
1412 2257 1644 2312 tantum
1672 2251 1954 2313 hostibus
1983 2252 2240 2315 tradidit
2259 2260 2385 2328 post

434 2334 760 2395 adversam
797 2335 1079 2393 ‚navalem
1119 2349 1416 2409 pugnam,
1459 2335 1575 2395 sed
1605 2335 1786 2395 etiam
1817 2335 2204 2411 Colophonis
2233 2337 2382 2399 'obsi-

437 2416 617 2477 dione
658 2416 966 2479 abscessit
991 2424 1053 2478 et
1082 2416 1298 2478 Sardis
1337 2418 1570 2493 recepit
1598 2434 1701 2487 se;
1749 2426 1934 2493 atque
1974 2419 2122 2480 inde
2150 2421 2216 2479 in
2245 2420 2382 2495 Cap-

436 2499 755 2574 padociam
784 2501 862 2559 ad
892 2500 1288 2573 Ariarathen,
1327 2501 1432 2575 qui
1461 2502 1688 2563 auxilia
1714 2509 2124 2578 arcesserent,
2155 2510 2220 2564 et
2247 2520 2382 2581 quo-

434 2599 697 2657 cumque
727 2584 845 2643 alio
874 2591 1113 2659 poterat
1136 2583 1217 2645 ad
1241 2584 1455 2659 copias
1480 2585 1950 2659 contrahendaS,
1981 2586 2044 2646 in
2065 2604 2258 2648 unum
2279 2589 2382 2647 iam

435 2666 773 2738 consilium,
802 2673 871 2725 ut
896 2668 1031 2727 acie
1059 2668 1390 2742 dimicaret,
1422 2668 1686 2729 intentus
1715 2670 1897 2731 misit.

603 2747 875 2821 Regillus
904 2750 1200 2811 Aemilius
1240 2758 1388 2826 post
1422 2751 1736 2815 victoriam
1764 2754 2046 2815 navalem
2077 2756 2379 2829 profectus

438 2828 776 2907 Ephesum,
819 2830 1065 2893 directis
1106 2841 1247 2895 ante
1278 2843 1520 2910 portum
1549 2836 1837 2909 navibuS‚
1881 2852 2022 2897 cum
2052 2839 2380 2899 confessio-

433 2930 572 2975 nem
614 2915 900 2975 concessi
940 2919 1124 2977 maris
1164 2918 1434 2979 ultimam
1473 2919 1638 2982 hosti
1667 2920 2116 2995 expressisset,
2163 2920 2381 2995 Chium,

436 3015 558 3075 quo
610 3005 748 3059 ante
798 3000 1017 3059 navale
1057 3002 1357 3076 proelium
1399 3018 1642 3065 cursum
1683 3004 1761 3065 ab
1806 3002 1990 3065 Samo
2033 3004 2382 3077 intenderat,

435 3081 696 3157 navigat.
743 3082 827 3143 ibi
856 3098 1047 3145 naves
1076 3084 1133 3145 in
1167 3087 1400 3160 proelio
1433 3094 1760 3162 quassatas
1791 3104 1926 3149 cum
1957 3088 2298 3163 refecisset,
2323 3089 2382 3147 L.

433 3165 757 3228 Aemilium
780 3165 1078 3229 Scaurum
1109 3184 1247 3232 cum
1276 3170 1520 3245 triginta
1543 3172 1802 3232 navibus
1825 3171 2292 3247 Hellespontum
2314 3172 2380 3231 ad

434 3251 768 3310 exercitum
818 3252 1213 3312 traiciendum
1254 3252 1444 3328 misit,
1493 3254 1770 3317 Rhodios
1813 3261 1987 3330 parte
2026 3255 2296 3331 praedae
2333 3264 2386 3313 et

437 3330 650 3420 spoliis
693 3332 1009 3393 navalibus
1051 3335 1378 3395 decoratos
1419 3337 1666 3397 domum
1694 3337 1895 3399 redire
1921 3338 2106 3407 iubet.
2168 3337 2384 3399 Rhodii

438 3410 693 3483 impigre
737 3422 1155 3487 praevertere,
1201 3418 1281 3477 ad
1323 3419 1812 3489 traiciendasque
1855 3421 2070 3495 copias
2113 3421 2378 3481 consulis
