2548 3950
465 239 694 300 LIBER
723 239 930 299 XXXI.
979 241 1144 301 CAP.
1176 251 1260 305 16.
1298 251 1379 306 17.
1412 252 1496 304 18.
1554 252 1627 319 [a.
1655 251 1719 304 C.
1744 252 1870 320 200]
2076 245 2164 310 15

191 391 250 454 lii
279 408 360 454 ex
387 389 744 466 propinquo
777 390 1046 453 ostendit
1085 408 1291 468 neque
1333 402 1492 454 terra
1533 411 1736 471 neque
1783 396 1932 456 mari
1983 397 2145 458 adiu·-

191 477 265 537 tis
291 473 505 536 sociis.
759 489 765 496 ·

348 558 538 618 XVII.
582 557 873 636 Abydeni
913 558 1112 636 primo
1142 560 1462 624 tormentis
1492 579 1606 640 per
1634 580 1844 626 muros
1886 564 2151 641 disposi-

189 644 265 705 tis
293 658 418 704 non
447 649 611 704 terra
645 643 832 702 modo
863 643 1147 705 adeuntis
1176 644 1347 707 aditu
1382 647 1701 722 arcebant,
1756 647 1883 708 sed·
1911 647 2160 710 navium

191 743 441 804 quoque
470 725 794 787 stationem
822 725 1105 789 infestam
1133 727 1297 790 hosti
1327 730 1651 794 faciebant.
1720 739 1973 808 postea,
2020 749 2160 794 cum

189 820 250 873 et
275 809 433 872 muri
461 826 607 886 pars
640 818 828 871 strata
853 809 1048 873 ruinis
1079 819 1140 872 et
1178 813 1258 872 ad
1300 811 1650 876 interiorem
1690 813 1915 891 raptim
1957 831 2154 892 oppo-

193 896 371 957 situm
401 909 639 956 murum
669 895 970 956 cuniculis
1011 895 1132 955 iam
1161 905 1525 970 perventum
1560 905 1758 972 esset,
1807 899 2045 974 legatos
2076 900 2159 959 ad

189 995 394 1056 regem
427 980 505 1038 de
549 978 1019 1040 condicionibus
1061 980 1398 1041 tradendae
1439 981 1609 1042 urbis
1650 980 1965 1043 miserunt.
2047 999 2156 1059 pa-

191 1063 578 1126 ciscebantur
605 1070 836 1136 autem,
879 1071 948 1124 ut
987 1063 1290 1124 Rhodiam
1324 1064 1770 1140 quadriremem
1802 1080 1940 1125 cum
1968 1065 2163 1127 sociis

193 1144 518 1208 navalibus
547 1144 860 1222 Attalique
888 1147 1262 1223 praesidium
1294 1148 1484 1211 emitti
1512 1148 1755 1224 liceret,
1785 1158 1974 1225 atque
1999 1149 2161 1226 ipsis

185 1232 341 1295 urbe
391 1231 695 1292 excedere
743 1247 882 1292 cum
933 1231 1189 1306 singulis
1240 1233 1637 1294 vestimentis.
1735 1232 1960 1308 quibus
2018 1249 2163 1294 cum-

186 1315 508 1391 Philippus
539 1313 685 1376 nihil
715 1315 918 1392 pacati
960 1315 1076 1376 nisi
1121 1315 1326 1377 omnia
1365 1316 1853 1392 permittentibus
1896 1333 2152 1393 respon·
2217 1389 2228 1401 ι

189 1400 416 1472 disset,
469 1399 628 1460 adeo
668 1399 1012 1462 renuntiata
1054 1399 1209 1460 haec
1245 1400 1473 1476 legatio
1521 1401 1595 1460 ab
1625 1399 2044 1474 indignatione
2076 1399 2186 1460 si-'

189 1484 312 1546 mul
344 1499 417 1544 ac
449 1483 882 1559 desperatione
913 1482 1065 1544 iram
1095 1485 1393 1557 accendit,
1427 1493 1494 1545 ut
1520 1486 1601 1545 ad
1637 1483 2035 1560 Saguntinam
2062 1500 2159 1544 ra-

188 1568 353 1631 biem
389 1567 552 1629 versi
583 1576 892 1630 matronas
925 1565 1124 1630 omnis
1152 1567 1214 1628 in
1245 1569 1471 1643 templo
1500 1566 1761 1640 Dianae,
1806 1585 2037 1644 pueros
2068 1568 2155 1628 in-

190 1667 428 1730 genuos
468 1651 895 1728 virginesque,
954 1651 1218 1713 infantes
1264 1651 1445 1714 etiam
1488 1669 1627 1714 cum
1657 1651 1789 1713 suis
1817 1651 2160 1714 nutricibus⁴

187 1739 250 1798 in
281 1735 670 1815 gymnasium
697 1735 928 1798 includi
955 1735 1252 1812 iuberent,
1294 1753 1509 1798 aurum
1539 1745 1600 1799 et
1626 1744 1946 1812 argentum
1975 1736 2037 1796 in
2069 1738 2148 1797 fo-

188 1838 326 1884 rum
357 1820 614 1897 deferri,
645 1829 877 1882 vestem
907 1820 1243 1898 pretiosam
1273 1819 1336 1881 in
1364 1821 1543 1882 navis
1574 1820 1877 1882 Rhodiam
1909 1817 2157 1898 Cyzice-

189 1921 489 1982 namque‚
521 1921 680 1982 quae
709 1903 770 1964 in
801 1914 985 1983 portu
1012 1912 1214 1980 erant,
1246 1903 1434 1980 coici,
1466 1905 1823 1967 sacerdotes
1854 1903 2159 1966 victimas-

192 2008 318 2069 que
349 1989 594 2063 adduci,
628 1998 688 2073 e,t
715 1990 930 2051 altaria
956 1988 1018 2050 in
1047 1988 1252 2051 medio
1284 1988 1452 2065 poni.
1514 1989 1598 2052 ibi
1628 1988 1849 2051 delecti
1878 1988 2161 2066 primum,

191 2074 330 2151 qui,
377 2073 482 2135 ubi
511 2091 758 2135 caesam
789 2074 984 2138 aciem
1013 2090 1268 2137 suorum
1296 2090 1411 2151 pro
1445 2072 1647 2136 diruto
1678 2090 1852 2137 muro
1884 2088 2159 2150 pugnan-

188 2170 312 2222 tem
339 2156 662 2233 vidissent‚
691 2161 1000 2235 extemplo
1033 2158 1331 2235 coniuges
1355 2156 1711 2234 liberosque
1730 2156 2161 2230 interficerent,

187 2260 407 2305 aurum
437 2249 754 2320 argentum
780 2251 1172 2319 vestemque,
1227 2258 1387 2318 quae
1429 2241 1493 2302 in
1533 2240 1797 2301 navibus
1839 2247 2039 2312 esset,
2098 2238 2165 2297 in

188 2344 362 2389 mare
391 2327 722 2403 deicerent,
750 2328 927 2389 tectis
959 2325 1224 2402 publicis
1254 2324 1641 2402 privatisque
1672 2338 1856 2402 quam
1884 2319 2167 2399 plurimis

189 2411 350 2474 locis
381 2416 644 2487 possent
672 2410 848 2487 ignes
880 2410 1231 2473 subicerent
1349 2409 1413 2470 id
1454 2426 1524 2471 se
1566 2405 1807 2469 facinus
1849 2414 2161 2484 perpetra-

191 2508 370 2559 turos
401 2496 841 2572 praeeuntibus
885 2494 1268 2558 exsecrabile
1314 2510 1560 2556 carmen
1605 2489 2030 2555 sacerdotibus
2074 2490 2163 2550 iu-

186 2580 526 2643 reiurando
556 2580 775 2641 adacti.
840 2588 968 2641 tum
995 2578 1274 2641 militaris
1304 2587 1477 2641 aetas
1504 2578 1709 2640 iurare
1737 2574 2044 2637 neminem
2077 2573 2163 2633 vi-

191 2683 340 2727 vum
385 2662 505 2725 nisi
530 2663 828 2729 victorem
870 2664 1004 2725 acie
1035 2679 1459 2725 excessurum.
1552 2660 1615 2722 hi
1658 2675 1963 2723 memores
2020 2657 2165 2719 deo-

187 2765 332 2811 rum
360 2748 522 2809 adeo
552 2748 946 2825 pertinaciter
973 2756 1421 2825 pugnaverunt,
1450 2755 1519 2808 ut
1542 2762 1681 2808 cum
1710 2741 2011 2821 proelium
2039 2758 2167 2803 nox

189 2833 572 2909 diremptura
602 2841 800 2907 esset,
841 2849 954 2894 rex
983 2830 1182 2908 prior,
1211 2830 1457 2893 territus
1484 2829 1656 2892 rabie
1686 2843 1928 2899 eorum,
1959 2840 2172 2903 pugna.

189 2916 522 2979 abstiterit.
581 2916 916 2994 principes,
949 2916 1176 2993 quibus
1205 2914 1474 2978 atrocior
1500 2932 1649 2992 pars
1680 2910 1973 2974 facinoris
2002 2909 2165 2970 dele-

190 3011 339 3078 gata
368 3008 516 3075 erat,
550 3018 688 3062 cum
719 3016 958 3079 paucos
990 3009 1052 3062 et
1079 3003 1401 3063 confectos
1430 2998 1789 3061 vulneribus
1818 3012 1894 3056 ac
1924 2990 2168 3054 lassitu—

193 3084 345 3147 dine
379 3102 715 3161 superesse
745 3084 982 3161 proelio
1014 3092 1369 3157 cernerent,
1412 3086 1550 3144 luce
1580 3080 1779 3159 prima
1809 3075 2173 3140 sacerdotes

194 3186 342 3233 cum
372 3168 582 3231 infulis
612 3170 693 3231 ad
719 3169 934 3231 urbem
963 3169 1312 3231 dedendam
1340 3165 1621 3242 Philippo
1652 3163 1910 3225 mittunt.

358 3252 577 3315 XVIII.
622 3256 782 3315 Ante
823 3252 1198 3315 deditionem
1248 3268 1329 3311 ex
1376 3248 1453 3311 iis
1496 3247 1713 3325 legatis
1758 3243 1860 3321 qui
1904 3244 2166 3304 Alexan-

195 3340 412 3400 dream
443 3335 619 3399 missi
649 3345 850 3411 erant,
891 3336 973 3397 Μ.
1005 3332 1305 3398 Aemilius
1335 3332 1516 3395 trium
1545 3345 1859 3395 consensu
1884 3325 2175 3423 minimus

196 3430 346 3485 natu
375 3419 586 3483 audita
629 3420 954 3483 obsidione
993 3419 1441 3499 Abydenorum
1482 3415 1563 3477 ad
1601 3412 1945 3493 Philippum
1986 3418 2164 3471 vemt.

197 3506 304 3584 qui
337 3514 604 3585 questus
636 3506 837 3567 Attalo
865 3502 1252 3579 Rhodiisque
1282 3517 1451 3562 arma
1479 3500 1674 3575 illata,
1730 3505 1792 3557 et
1840 3494 2008 3571 quod
2046 3500 2178 3553 tum
