2548 3950
426 185 551 248 286
704 185 933 247 LIBER
952 184 1247 244 xxxvu.
1295 181 1457 244 CAP.
1484 191 1571 245 28.
1595 189 1684 246 29.
1726 190 1800 257 [a.
1825 187 1896 244 n.
1919 207 1967 243 ο.
1987 191 2116 268 ⁵⁶21

424 349 635 412 agrum
664 331 1073 410 depopulari,
1100 349 1296 393 naves
1325 334 1384 392 in
1419 334 1772 396 Geraestico
1799 343 1987 412 portu
2015 345 2218 414 stare,
2257 337 2384 416 ipse

424 420 725 496 adversus
754 418 1164 494 Myonnesum
1203 418 1265 476 in
1305 418 1859 479 insula—Macrin
1902 422 2132 482 nautici
2172 435 2384 484 vocant

422 535 505 546 —-
528 517 789 562 ancoras
821 507 1001 577 portu
1032 502 1271 562 occulto
1303 501 1460 561 iecit.
1507 501 1652 570 inde
1681 516 1764 560 ex
1794 505 2154 580 propinquo
2179 509 2378 582 explo-

421 601 583 660 ram,
618 583 767 662 quid
794 585 1007 646 hostes
1041 591 1308 659 agerent,
1341 583 1536 658 primo
1565 585 1625 644 in
1653 601 1880 660 magna
1901 603 2020 662 spe
2045 589 2180 663 fuit,
2213 607 2377 666 quem

422 671 502 731 ad
538 671 787 731 modum
816 669 1117 730 Rhodiam
1158 669 1424 728 classem
1457 669 1538 728 ad
1567 666 1819 730 Samum
1845 671 2284 734 circumsessis
2309 675 2376 732 ad

420 755 651 814 exitum
678 753 957 813 faucibus
987 757 1200 827 portus
1232 759 1671 826 expugnasset,
1702 754 1794 812 sic
1823 762 1884 815 et
1910 755 2260 816 Romanam
2287 774 2376 816 ex·

422 845 849 912 pugnaturum.
890 851 1009 896 nec
1036 842 1133 896 est
1160 834 1476 895 dissimilis
1505 841 1724 894 natura
1747 837 1900 897 loeit
1946 842 2374 912 promunturiis

421 922 781 982 coeuntibus
810 923 967 980 inter
995 933 1065 979 se
1094 921 1179 980 ita
1208 917 1510 978 clauditur
1541 927 1772 993 portus,
1803 925 1874 980 ut
1890 923 1999 980 vix
2023 923 2192 982 duae
2213 926 2374 985 simul

418 1004 561 1064 inde
588 1020 780 1064 naves
813 1005 1055 1079 possint
1084 1003 1271 1062 exire.
1329 1008 1512 1062 nocte
1539 1017 1851 1078 occupare
1879 1006 2097 1066 fauces
2125 1007 2374 1084 Polyxe-

418 1087 595 1147 nidas
624 1089 684 1147 in
716 1089 916 1148 animo
947 1086 1225 1159 habebat,
1264 1095 1328 1146 et
1353 1086 1530 1146 denis
1560 1085 1820 1148 navibus
1851 1089 1936 1148 ad
1961 1093 2376 1164 promunturia

417 1169 745 1243 stantibuS‚
778 1186 935 1245 quae
966 1171 1042 1230 ab
1072 1177 1336 1243 utroque
1368 1171 1648 1230 cornuin
1677 1173 1870 1232 latera
1897 1174 2260 1236 exeuntium
2285 1193 2370 1235 na-

416 1255 579 1315 vium
623 1261 990 1330 pugnarent,
1033 1269 1113 1313 ex
1156 1259 1362 1314 cetera
1401 1255 1632 1326 classe,
1675 1255 1836 1316 sieut
1861 1257 1943 1316 ad
1971 1255 2370 1319 Panhormum

418 1340 673 1414 fecerat,
714 1337 961 1399 armatis
1002 1338 1065 1397 in
1098 1337 1302 1398 littora
1335 1337 1636 1412 expo-sitis
1675 1345 1840 1401 terra
1879 1341 2166 1416 marique
2209 1344 2370 1404 simul

415 1423 611 1484 hostis
657 1424 1023 1499 opprimere.
1093 1422 1260 1496 quod
1293 1437 1416 1481 non
1447 1437 1674 1482 vanum
1699 1423 1757 1481 ei
1787 1424 2118 1484 consilium
2149 1427 2367 1498 fuisset,

416 1507 477 1565 ni
510 1522 646 1567 eum
675 1508 800 1569 Teii
846 1508 1113 1568 facturos
1156 1516 1226 1564 se
1267 1505 1564 1580 imperata
1599 1506 2064 1580 promisissent,
2111 1510 2200 1569 ad
2227 1511 2366 1570 aeci-

414 1590 673 1665 piendos
716 1595 1090 1651 commeatus
1132 1589 1334 1664 aptius
1376 1590 1577 1651 visum
1618 1596 1790 1650 esset
1811 1591 2110 1652 Romanis
2153 1594 2222 1653 in
2247 1609 2366 1652 eum

413 1681 651 1746 portum
696 1675 800 1748 qui
840 1680 981 1734 ante
1022 1672 1227 1732 urbem
1270 1680 1370 1732 est
1411 1675 1673 1734 classem
1717 1675 1994 1734 transire.
2067 1675 2290 1737 dieitur
2317 1681 2366 1734 et

410 1755 721 1816 Eudamus
749 1756 1028 1818 Rhodius
1057 1755 1267 1816 vitium
1297 1755 1544 1817 alterius
1577 1765 1795 1832 portus.
1821 1760 2212 1832 ostendisse,
2243 1775 2364 1820 cum

413 1841 567 1900 forte
596 1841 755 1901 duae
782 1855 975 1901 naves
1004 1841 1063 1899 in
1094 1846 1227 1900 arto
1261 1842 1422 1902 ostio
1445 1839 1770 1916 implicitos
1791 1857 2000 1903 remos
2027 1843 2359 1918 fregissent.

412 1931 471 1986 et
510 1925 665 1986 inter
708 1926 826 1986 alia
864 1925 929 1985 id
981 1939 1229 2001 quoque
1266 1926 1460 1987 movit
1499 1931 1876 2001 praetorem,
1921 1932 1990 1988 ut
2027 1927 2362 1989 traduceret

412 2010 705 2084 classem,
740 2011 907 2087 quod
936 2009 1013 2070 ab
1040 2016 1203 2069 terra
1229 2011 1566 2084 periculum
1596 2018 1754 2084 erat,
1785 2010 1952 2071 haud
1982 2014 2208 2087 procul
2235 2012 2358 2071 inde

410 2092 713 2153 Antiocho
754 2095 972 2154 stativa
1011 2092 1293 2153 habente.
1357 2093 1564 2153 XXIX.
1610 2094 1888 2155 traducta
1927 2096 2138 2169 classe
2167 2096 2248 2156 ad
2271 2111 2356 2155 ur-

412 2176 577 2249 bem,
623 2178 851 2253 ignaris
895 2177 1179 2239 omnibus
1222 2176 1461 2252 egressi
1495 2177 1714 2237 milites
1744 2185 2096 2255 nautaeque
2125 2178 2358 2239 suntad

413 2269 787 2323 commeatus
816 2268 879 2323 et
902 2263 1110 2323 vinum
1144 2261 1408 2321 maxime
1439 2261 1837 2322 dividendum
1865 2264 1930 2322 in
1959 2278 2190 2335 navem
2235 2278 2354 2323 cum

409 2344 611 2405 medio
652 2345 809 2407 forte
848 2347 969 2407 diei
1002 2340 1268 2421 'agrestis
1302 2345 1550 2421 quidam
1581 2346 1662 2405 ad
1693 2354 2038 2420 praetorem
2068 2347 2355 2407 adductus

408 2429 643 2489 nuntiat
682 2432 933 2489 alterum
974 2430 1094 2489 iam
1133 2430 1293 2489 diem
1334 2431 1598 2489 classem
1637 2436 1800 2489 stare
1841 2432 1924 2490 ad
1949 2429 2218 2491 insulam
2243 2429 2352 2489 Ma-

408 2511 565 2585 crin,
606 2519 669 2573 et
708 2516 892 2588 paulo
933 2522 1071 2575 ante
1110 2513 1283 2574 visas
1327 2514 1626 2587 quasdam
1663 2516 1899 2575 moveri
1936 2520 2249 2590 tamquam
2285 2512 2353 2571 ad

408 2596 845 2669 profectionem
876 2612 1085 2657 naves.
1129 2613 1197 2657 re
1225 2596 1426 2657 subita
1451 2598 1772 2672 perculsus
1797 2606 2047 2673 praetor
2067 2597 2350 2660 tubicines

409 2692 630 2737 canere
669 2679 861 2753 iubet,
904 2688 973 2739 ut
1001 2682 1054 2738 si
1096 2680 1203 2755 qui
1246 2696 1358 2756 per
1395 2695 1580 2755 agros
1609 2682 1795 2757 palati
1825 2689 2039 2742 essent
2064 2681 2350 2747 redirentt

403 2760 681 2821 tribunos
723 2762 783 2822 in
820 2763 1035 2832 urbem
1074 2762 1248 2825 mittit
1289 2764 1369 2825 ad
1411 2766 1726 2840 cogendos
1769 2765 1990 2825 milites
2020 2772 2350 2839 nautasque

404 2844 465 2903 in
509 2860 719 2907 naves.
784 2846 949 2907 haud
1000 2863 1181 2909 secus
1226 2864 1409 2924 quam
1459 2850 1522 2907 in
1561 2849 1879 2924 repentino
1929 2848 2219 2909 incendio
2260 2852 2352 2906 aut

406 2936 587 3006 capta
612 2930 765 2991 urbe
794 2932 1145 3005 trepidatur,
1178 2932 1315 2992 aliis
1342 2931 1406 2991 in
1434 2933 1646 2991 urbem
1680 2932 2066 2994 currentibus
2097 2931 2178 2992 ad
2213 2944 2352 2991 suos

404 3016 823 3091 revocandOS,
868 3016 1002 3075 aliis
1046 3031 1126 3075 ex
1154 3016 1308 3076 urbe
1337 3032 1531 3076 naves
1561 3032 1748 3077 cursu
1775 3016 2234 3091 repetentibus;
2271 3015 2349 3072 in-

405 3100 712 3174 certisque
762 3099 1159 3171 clamoribus‚
1214 3099 1438 3175 quibus
1489 3101 1644 3175 ipsis
1688 3101 1870 3161 tubae
1911 3100 2345 3174 obstreperent,

406 3182 654 3245 turbatis
705 3181 973 3260 imperiis
1022 3184 1267 3243 tandem
1319 3198 1686 3244 concursum
1728 3186 1807 3244 ad
1853 3198 2050 3243 naves
2089 3190 2202 3242 est.
2254 3181 2348 3239 vix

404 3281 578 3325 suam
630 3268 896 3341 quisque
942 3281 1205 3327 noscere
1247 3274 1350 3327 aut
1391 3267 1562 3328 adire
1603 3283 1753 3343 prae
1791 3267 2048 3328 tumultu
2090 3270 2348 3342 poteram

406 3347 889 3423 trepidatumque
932 3362 1067 3408 cum
1112 3349 1382 3424 periculo
1423 3356 1488 3409 et
1523 3352 1584 3410 in
1623 3352 1776 3411 mari
1817 3351 1963 3410 etin
1991 3357 2155 3411 terra
2181 3348 2346 3418 foret,

407 3428 466 3484 ni
496 3429 771 3503 partibus
800 3430 1014 3511 divisis
1046 3432 1338 3491 Aemilius
1373 3448 1508 3493 cum
1537 3434 1844 3509 praetoria
1871 3448 2029 3493 nave
2060 3432 2284 3508 primus
2307 3443 2350 3487 e
