2548 3950
348 212 474 278 ³16
616 215 846 274 Lissa
873 211 1169 273 xxxvn.
1212 211 1377 272 cAP.
1407 219 1495 273 59.
1517 219 1612 285 oo,
1649 217 1724 286 [a.
1747 216 1815 270 n.
1841 234 1888 270 e.
1910 217 2036 285 ⁵63]

347 372 502 440 tuor,
526 362 834 424 eburneos
860 361 1075 422 dentes
1096 363 1261 424 mille
1283 362 1582 422 ducentos
1605 360 1850 437 triginta
1870 379 2078 438 unum,
2094 376 2328 425 aureas

349 463 615 510 coronas
645 447 942 507 ducentas
972 445 1215 520 triginta
1236 451 1541 522 quattuor,
1573 447 1808 522 argenti
1832 447 2044 523 pondo
2073 453 2326 508 centum

346 531 593 607 triginta
640 537 883 606 septem
926 530 1092 589 inilia
1130 527 1580 604 quadringenta
1617 529 1861 605 viginti,
1911 531 2324 592 tetrachmum

346 615 688 678 Atticorum
737 614 1003 674 ducenta
1049 613 1261 688 viginti
1314 617 1600 688 quattuor
1643 614 1812 675 inflia
1825 660 1840 687 ‚
1889 614 2324 691 cistophorum

345 705 619 760 trecenta
646 697 893 771 triginta
916 710 1105 758 unum
1133 696 1299 758 mili-a
1327 697 1735 773 septuaginta,
1776 710 2064 759 nummos
2095 713 2324 760 aureos

344 781 701 861 Philippeos
732 788 971 841 centum
1006 781 1410 856 quadraginta
1437 781 1636 851 miiia3
1675 789 1974 843 vasorum
1995 789 2324 858 argenteo-

344 881 481 925 rum
514 894 591 910 --—
624 863 828 926 omnia
874 865 1110 925 caelata
1150 871 1324 924 erant
1353 897 1414 909 -·
1460 863 1624 924 milie
1662 867 1874 940 pondo
1916 873 1983 926 et
2026 868 2319 940 quadrin-

327 955 527 1024 ,genta
552 948 766 1026 viginti
798 955 1100 1024 quattu-or,
1132 962 1457 1009 aureorum
1486 948 1648 1008 mille
1671 950 1887 1024 pondo
1903 949 2123 1024 viginti
2149 958 2319 1026 quat-

344 1042 503 1094 tuor.
563 1041 625 1094 et
651 1033 845 1093 duces
882 1031 1065 1108 regii,
1113 1031 1436 1107 praefecti,
1479 1032 1796 1108 purpurati
1831 1033 1955 1093 duo
1987 1039 2050 1093 et
2071 1035 2318 1110 triginta

346 1124 489 1177 ante
538 1130 783 1177 currum
830 1117 1015 1176 ducti.
1088 1114 1380 1176 militibus
1431 1117 1600 1191 quini
1639 1115 1842 1176 viceni
1890 1117 2132 1177 denarii
2173 1119 2316 1178 dati

346 1201 578 1274 duplex
619 1198 991 1272 centurioni,
1028 1199 1254 1274 triplex
1299 1199 1507 1274 equiti.
1565 1205 1627 1260 et
1654 1200 2033 1274 stipendium
2058 1201 2320 1262 militare

344 1291 407 1344 et
434 1284 800 1344 frumentum
842 1284 1075 1358 duplex
1116 1289 1260 1358 post
1287 1282 1660 1358 triumphum
1687 1285 1917 1344 datum.
1983 1287 2230 1360 proelio
2259 1301 2318 1345 m

344 1367 500 1428 Asia
539 1367 702 1428 facto
744 1367 975 1442 duplex
1018 1367 1291 1427 dederat.
1355 1366 1752 1442 triumphavit
1787 1380 1954 1430 anno
1989 1370 2123 1430 fere
2152 1376 2318 1444 post,

348 1467 532 1526 quam
564 1453 886 1512 consulatu
914 1452 1078 1512 abiit.

498 1534 635 1595 LX.
668 1535 912 1596 Eodem
954 1536 1083 1594 fere
1125 1541 1402 1610 tempore
1445 1541 1506 1596 et
1547 1532 1649 1595 On.
1685 1534 1950 1597 Manlius
1993 1538 2213 1597 consui
2254 1535 2312 1596 in

342 1619 555 1678 Asiam
585 1626 646 1678 et
668 1618 736 1691 Q.
760 1619 986 1679 Fabius
1009 1619 1215 1679 Labeo
1246 1623 1496 1694 praetor
1523 1618 1603 1679 ad
1633 1621 1896 1680 classem
1924 1621 2113 1680 venit,
2155 1627 2312 1681 eete-

342 1717 477 1760 rum
520 1701 761 1760 consuli
801 1715 927 1760 non
975 1703 1187 1761 deerat
1228 1717 1368 1763 cum
1405 1701 1597 1764 Gallis
1633 1703 1780 1762 belli
1819 1705 2110 1774 materla3
2147 1717 2312 1763 mare

346 1791 629 1860 pacatum
659 1791 791 1844 erat
812 1783 1061 1844 =devicto
1090 1785 1419 1848 Antiocho.
1457 1785 1754 1862 cogitanti
1784 1786 1851 1860 Q.
1873 1786 2070 1849 Fabio
2099 1782 2198 1848 cul
2223 1788 2310 1849 rei

345 1867 732 1944 potissimum
781 1868 1116 1942 insisteret,
1168 1885 1249 1928 ne
1292 1869 1554 1932 otiosam
1602 1869 1984 1945 provinciam
2017 1866 2308 1932 habuisse

342 1950 537 2013 vider-i
566 1958 811 2028 posset,
844 1950 1140 2028 optimum
1164 1953 1368 2015 visum
1401 1957 1584 2015 estin
1615 1955 1849 2015 cretam
1878 1954 2146 2016 insulam
2171 1955 2308 2017 trai-

344 2053 501 2095 cere.
546 2036 926 2113 Cydoniatae
952 2037 1183 2097 bellum
1213 2038 1522 2099 adversus
1553 2036 1888 2117 Gortynios
1915 2038 2310 2119 Gnosiosque

341 2120 653 2196 gerebant,
686 2128 747 2181 et
775 2121 1156 2195 captivorum
1186 2122 1604 2183 Romanormn
1635 2129 1818 2197 atque
1849 2120 2042 2183 Italici
2068 2124 2308 2197 generis

342 2220 601 2280 magnus
632 2220 924 2265 numerus
946 2204 1006 2263 in
1032 2206 1326 2265 servitute
1349 2220 1494 2267 esse
1515 2218 1629 2280 per
1649 2212 1836 2266 totam
1859 2206 2124 2267 insulam
2149 2207 2306 2269 ‹fice-

338 2289 535 2350 batur.
600 2290 803 2349 classe
843 2290 920 2349 ab
960 2286 1213 2363 Epheso
1256 2290 1572 2363 profectus
1615 2300 1754 2351 cum
1793 2291 2058 2365 primum
2099 2291 2308 2351 Cretae

340 2374 486 2431 litus
514 2371 723 2447 attigit,
754 2374 1002 2433 nuntios
1032 2370 1198 2433 circa
1226 2372 1504 2433 civitates
1529 2373 1712 2448 misit,
1737 2378 1806 2434 ut
1832 2376 2020 2435 armis
2050 2375 2300 2435 absiste-

338 2464 501 2529 rent,
548 2456 954 2536 captivosque
982 2455 1046 2514 in
1075 2458 1207 2517 suis
1243 2471 1528 2533 quaeque
1556 2456 1814 2519 urbibus
1842 2459 2136 2534 agrisque
2167 2472 2302 2520 con-

342 2539 607 2615 quisitos
622 2540 1097 2615 reducerent-et
1115 2544 1356 2617 legatos
1383 2542 1684 2601 mitterent
1706 2542 1786 2602 ad
1809 2558 1899 2617 se,
1923 2554 2067 2603 cum
2087 2544 2304 2619 quibus

339 2625 419 2681 de
446 2624 632 2684 rebus
674 2625 755 2684 ad
784 2624 1093 2686 Cretensis
1143 2628 1370 2702 pariter
1395 2628 1837 2703 Romanosque
1864 2627 2304 2702 pertinentibus

338 2712 565 2780 ageret.
612 2704 760 2766 nihil
781 2722 1155 2785 magnopere
1182 2724 1257 2769 ea
1282 2711 1604 2770 Cretenses
1627 2717 1969 2779 moverunt.
2009 2712 2300 2787 captivos,

342 2796 589 2865 praeter
622 2789 971 2867 Gortynios,
1002 2794 1153 2869 nulli
1181 2794 1601 2856 reddiderunt.
1665 2792 1956 2855 Valerius
1981 2796 2202 2855 Antias
2229 2795 2304 2855 ad

342 2880 633 2950 quattuor
656 2873 822 2935 milia
851 2878 1253 2953 captivorum,
1287 2880 1431 2956 quia
1455 2878 1600 2938 belli
1627 2878 1823 2939 minas
1852 2879 2198 2951 timuerunt,
2227 2890 2300 2937 ex

336 2966 463 3021 tota
502 2959 706 3020 insula
744 2960 985 3021 reddita
1013 2962 1293 3038 scripsit3
1338 2974 1601 3037 eamque
1629 2975 1882 3023 causam
1907 2960 2129 3038 Fabio,
2175 2977 2301 3023 cum

338 3056 472 3103 rem
514 3042 739 3105 nullam
770 3044 951 3105 aliam
980 3047 1316 3121 gessisset,
1359 3046 1602 3107 navalis
1625 3044 1915 3123 triumphi
1943 3044 2301 3123 impetrandi

336 3126 415 3185 ab
460 3134 681 3188 senatu
722 3128 935 3192 ruisse.
1004 3144 1041 3189 a
1082 3130 1259 3192 creta
1297 3130 1618 3203 Ephesum
1653 3126 1886 3191 Fabius
1913 3130 2107 3200 redlt;
2160 3128 2304 3189 inde

332 3209 527 3271 tribus
569 3211 831 3272 navibus
872 3211 934 3270 in
962 3212 1256 3273 'nn-aciae
1299 3226 1471 3273 oram
1511 3213 1720 3273 missis
1763 3213 1844 3273 ab
1870 3214 2048 3274 Aeno
2093 3220 2154 3273 et
2177 3204 2302 3272 Ma·

331 3292 509 3352 ronia
542 3293 856 3369 praesidia
881 3296 1169 3357 Antiochi
1202 3296 1426 3357 deduci
1454 3295 1664 3371 iussit,
1703 3303 1778 3359 ut
1802 3297 1864 3357 in
1893 3294 2172 3359 libertate
2197 3306 2307 3357 eae

335 3370 615 3435 civitates
642 3383 870 3437 essent.

1090 3506 1509 3516 u-—u-——qu——n——n
