2548 3950
541 218 774 283 unna
800 217 1068 279 xxxvl.
1117 218 1283 281 cAP.
1310 226 1399 282 29.
1424 227 1515 283 ao.
1558 219 1635 297 [a.
1660 224 1727 281 c.
1758 220 1880 298 191]
2065 216 2195 281 247

211 369 542 433 Nicander
583 383 660 429 eo
691 368 830 443 ipso
871 375 1150 444 tempore
1181 368 1258 429 ab
1287 385 1435 445 rege
1462 371 1767 433 Antiocho
1796 371 2055 432 veniens
2084 369 2191 433 im·

219 454 426 531 plevit
452 450 915 527 exspectatione
946 468 1107 513 vana
1133 452 1592 529 multitudinem,
1622 462 1785 516 terra
1803 455 2079 532 marique
2106 456 2197 515 in·

221 554 390 614 gens
413 533 619 613 parari
641 535 884 597 bellum.
929 536 1319 601 duodecumo
1342 537 1397 598 is
1419 535 1520 599 die
1545 554 1729 614 quam
1749 538 2197 600 conscenderat

227 636 478 693 navem,
518 618 582 679 in
607 617 915 679 Aetoliam
943 620 1218 696 perfecta
1242 619 1549 696 legatione
1575 621 1824 683 rediens
1849 621 2105 683 Phalara
2131 622 2195 682 in

227 704 380 765 sinu
404 702 663 764 Maliaco
703 702 913 764 tenuit.
978 702 1124 765 inde
1150 702 1424 765 Lamiam
1462 705 1789 781 pecuniam
1827 721 1967 767 eum
2007 706 2190 767 deve-

223 787 462 863 xisset,
502 784 640 862 ipse
681 801 822 847 cum
863 785 1170 862 expeditis
1203 786 1403 863 prima
1428 804 1694 864 vespera
1721 789 1879 849 inter
1904 788 2187 849 Macedo-

227 887 380 933 num
407 871 811 946 Romanaque
841 877 1045 933 castra
1069 869 1273 932 medio
1306 886 1486 946 agro,
1517 872 1662 933 dum
1690 872 1999 950 Hypatam
2028 872 2185 935 notis

229 954 494 1017 callibus
522 953 690 1030 petit,
722 954 784 1013 in
813 954 1138 1017 stationem
1166 952 1380 1016 incidit
1404 954 1829 1029 Macedonum,
1860 954 2193 1017 deductus-

225 1054 359 1115 que
398 1038 480 1099 ad
515 1052 725 1113 regem
768 1045 867 1099 est
903 1037 1178 1099 nondum
1216 1036 1503 1100 convivio
1546 1038 1821 1100 dimisso.
1890 1038 2061 1114 quod
2090 1036 2196 1100 ubi

227 1121 574 1183 nuntiatum
612 1128 737 1196 est,
777 1121 949 1183 velut
973 1120 1269 1197 hospitis,
1312 1137 1437 1184 non
1466 1122 1664 1194 hostis
1693 1122 1965 1184 adventu
1990 1130 2194 1183 motus

225 1204 554 1281 Philippus
581 1204 947 1266 accumbere
975 1221 1114 1266 eum
1143 1205 1505 1281 epularique
1532 1205 1800 1281 iussum,
1836 1213 2024 1282 atque
2050 1206 2197 1266 inde

228 1286 507 1349 dimissis
537 1286 674 1351 aliis
703 1290 905 1349 solum
934 1296 1252 1363 retentum,
1284 1288 1487 1366 ipsum
1512 1290 1763 1365 quidem
1785 1290 1864 1352 de
1888 1306 1959 1351 se
1980 1290 2194 1351 timere

227 1371 566 1449 quicquam
597 1371 804 1444 vetuit,
832 1371 1194 1434 Aetolorum
1221 1388 1417 1448 prava
1444 1372 1703 1435 consilia
1730 1380 1918 1448 atque
1938 1374 1997 1433 in
2022 1373 2194 1449 ipso·

224 1472 366 1517 rum
399 1461 586 1531 caput
624 1470 872 1532 semper
895 1455 1229 1518 recidentia
1257 1455 1602 1530 accusavit,
1650 1457 1754 1533 qui
1782 1457 2044 1532 primum
2071 1457 2195 1517 Ro·

229 1556 484 1612 manos,
527 1540 752 1601 deinde
775 1538 1149 1601 Antiochum
1177 1540 1239 1600 in
1270 1539 1587 1601 Graeciam
1613 1540 2037 1601 adduxissent.
2080 1539 2194 1601 sed

228 1625 724 1701 praeteritorum,
769 1638 930 1700 quae
957 1625 1156 1699 magis
1183 1623 1555 1700 reprehendi
1583 1640 1769 1699 quam
1797 1624 2018 1699 corrigi
2046 1639 2193 1699 pos·

227 1707 386 1780 sint,
430 1706 682 1768 oblitum
720 1723 792 1769 se
821 1723 946 1768 non
987 1708 1289 1769 facturum
1323 1715 1391 1769 ut
1415 1707 1666 1770 insultet
1688 1707 1973 1769 adversis
2000 1708 2194 1769 rebus

229 1807 468 1853 eorum.
535 1792 794 1853 Aetolos
837 1806 1088 1867 quoque
1129 1790 1308 1853 finire
1339 1792 1588 1855 tandem
1614 1792 1919 1854 adversus
1949 1806 2021 1853 se
2051 1791 2195 1853 odia

231 1875 490 1948 debere,
535 1882 596 1935 et
621 1874 989 1937 Nicandrum
1017 1876 1302 1952 privatim
1330 1875 1464 1937 eius
1494 1872 1646 1950 diei,
1689 1892 1814 1951 quo
1844 1881 2127 1937 servatus
2158 1890 2197 1934 a

232 1974 308 2021 se
349 1959 536 2033 soret,
579 1957 950 2022 meminisse.
1019 1960 1103 2021 ita
1143 1958 1304 2021 datis
1345 1956 1451 2036 qui
1491 1956 1556 2019 in
1586 1964 1781 2021 tutum
1809 1974 1949 2020 eum
1977 1972 2194 2035 prose-

231 2049 588 2120 querentur,
608 2043 918 2122 Hypatam
938 2042 1243 2106 Nicander
1272 2041 1759 2104 consultantibus
1788 2044 1867 2104 de
1896 2057 2051 2118 pace
2069 2043 2193 2102 Ro-

230 2143 414 2190 mana
444 2125 816 2203 supervenit.

402 2210 582 2272 XXX.
625 2210 725 2270 M‘.
767 2209 1004 2272 Acilius
1041 2209 1293 2270 vendita
1335 2218 1439 2272 aut
1478 2225 1783 2271 concessa
1821 2208 1993 2271 militi
2033 2209 2197 2269 circa

231 2296 592 2362 Heracleam
622 2293 871 2370 praeda,
888 2300 1234 2370 postquam
1255 2309 1371 2354 nec
1391 2294 1677 2371 Hypatae
1698 2301 1918 2368 pacata
1939 2291 2198 2352 consilia

233 2394 409 2452 esse,
451 2385 512 2439 et
542 2379 925 2452 Naupactum·
964 2377 1357 2439 concurrisse
1396 2378 1685 2451 AetoloS,
1726 2385 1795 2440 ut
1833 2375 1977 2436 inde
2006 2380 2199 2436 totum

234 2461 529 2539 impetum
555 2462 701 2524 belli
727 2461 1120 2536 sustinerent,
1149 2460 1399 2535 audivit,
1430 2460 1773 2537 praemisso
1793 2463 1916 2535 Ap.
1943 2458 2195 2520 Claudio

232 2563 379 2608 cum
421 2552 704 2623 quattuor
742 2545 986 2606 milibus
1027 2546 1281 2606 militum
1320 2546 1401 2606 ad
1440 2545 1809 2621 occupanda
1847 2545 2020 2620 iuga,
2075 2559 2201 2618 qua

235 2629 522 2692 difficiles
568 2626 860 2694 transitus
901 2630 1196 2692 montium
1235 2637 1438 2701 erant,
1482 2630 1621 2707 ipse
1650 2629 1861 2691 Oetam
1900 2627 2199 2702 escendit,

231 2714 610 2788 Herculique
631 2711 997 2774 sacrificium
1021 2712 1166 2774 feeit
1184 2714 1248 2774 in
1270 2728 1348 2776 eo
1370 2713 1531 2789 loco,
1556 2730 1741 2790 quem
1759 2713 2000 2792 Pyram,
2028 2711 2198 2788 quod

233 2797 322 2858 ibi
349 2798 604 2860 mortale
633 2812 860 2873 corpus
890 2796 1024 2860 eius
1054 2797 1155 2858 dei
1183 2795 1265 2859 sit
1293 2805 1643 2875 crematum,
1673 2798 2004 2874 appellant.
2055 2795 2201 2858 inde

234 2888 366 2944 toto
409 2879 682 2943 exercitu
725 2883 1040 2958 profectus
1079 2881 1385 2958 reliquum
1424 2883 1539 2946 iter
1578 2883 1731 2944 satis
1772 2881 2062 2958 expedito
2093 2895 2198 2954 ag-

235 2965 402 3030 mine
442 2965 602 3026 fecit.
664 2973 732 3026 ut
759 2966 840 3026 ad
869 2965 1161 3028 Coracem
1200 2974 1297 3027 est
1327 2974 1570 3027 ventum
1590 2998 1680 3011 —
1700 2982 1880 3026 mons
1909 2972 2007 3025 est
2034 2963 2200 3023 altis·

235 3051 430 3112 simus
481 3049 637 3111 inter
676 3049 996 3125 Callipolin
1036 3057 1100 3110 et
1136 3049 1518 3125 Naupactum
1536 3079 1650 3122 —,
1699 3047 1786 3108 ibi
1831 3053 1894 3108 et
1933 3048 2202 3107 iumenta

235 3133 428 3194 multa
467 3149 549 3194 ex
589 3132 829 3208 agmine
867 3133 1269 3208 praecipitata
1297 3147 1437 3192 cum
1464 3131 1618 3207 ipsis
1648 3131 1939 3192 oneribus
1969 3136 2112 3190 sunt
2140 3136 2201 3191 et

235 3217 522 3294 homines
548 3214 773 3277 vexati.
812 3223 873 3276 et
893 3214 1072 3276 facile
1093 3214 1432 3289 apparebat
1453 3230 1639 3290 quam
1660 3229 1799 3276 cum
1819 3213 1998 3276 inerti
2018 3213 2201 3274 hoste

236 3295 343 3364 r'es
373 3305 574 3373 esset,
618 3299 725 3376 qui
763 3308 888 3362 tam
913 3296 1271 3376 impeditum
1300 3298 1525 3362 saltum
1550 3298 1719 3360 nullo
1747 3296 2093 3374 praesidio,
2134 3304 2203 3357 ut

237 3384 556 3446 clauderet
581 3383 919 3457 transitum,
949 3382 1306 3444 insedissete
1339 3389 1468 3446 tum
1498 3397 1749 3458 quoque
1776 3388 2001 3444 vexato
2024 3395 2197 3442 exer-

235 3468 367 3530 citu
407 3467 491 3528 ad
522 3467 906 3546 Naupactum
944 3465 1299 3541 descendit,
1342 3474 1402 3528 et
1437 3483 1561 3528 uno
1604 3467 1856 3528 castello
1899 3465 2203 3528 adversus
