2548 3950
642 220 869 281 mmzn
897 220 1219 281 xxxviii.
1268 221 1442 281 CAP.
1459 230 1545 285 16.
1589 222 1662 299 [a.
1687 226 1750 279 c.
1777 178 1899 298 iao]
2124 222 2247 285 333

292 370 506 431 sedem
536 370 716 445 cepit.
763 386 1022 445 procera
1050 386 1342 446 corpora,
1381 372 1724 447 promissae
1753 380 1814 433 et
1839 374 2116 435 rutilatae
2146 390 2248 436 co-

292 469 447 528 mae,
476 462 657 515 vasta
683 462 887 529 scuta,
930 456 1244 530 praelongi
1273 456 1490 530 gladii;
1537 457 1616 517 ad
1645 456 1764 518 hoc
1794 464 2010 518 cantus
2039 458 2248 520 incho-

288 538 521 599 antium
560 538 861 613 proelium
902 545 962 599 et
1002 539 1267 600 ululatus
1309 546 1370 599 et
1407 540 1704 617 tripudia,
1755 548 1816 601 et
1857 541 2248 616 quatientium

290 628 468 683 scuta
506 620 567 681 in
608 621 869 697 patrium
920 624 1224 697 quendam
1266 624 1518 685 modum
1557 624 1902 684 horrendus
1944 642 2249 688 armorum

289 704 579 781 crepitus,
616 706 821 767 omnia
848 707 927 767 de
952 705 1251 767 industria
1281 708 1624 783 composita
1651 708 1734 767 ad
1761 715 2076 769 terrorem.
2135 711 2250 770 sed

287 788 473 860 haec,
507 788 729 863 quibus
758 790 1005 851 insolita
1038 796 1225 865 atque
1253 788 1496 853 insueta
1521 797 1692 865 sunt,
1725 792 1940 853 Graeci
1969 800 2030 853 et
2054 792 2250 871 Phry-

286 887 399 947 ges
428 880 491 933 et
518 872 703 935 Cares
742 873 1022 935 timeant:
1063 874 1361 935 Romanis
1391 875 1598 936 Gallici
1641 875 1932 936 tumultus
1975 877 2246 937 adsuetis

286 956 467 1021 etiam
512 956 811 1018 vanitates
852 966 1035 1019 notae
1084 964 1243 1017 sunt.
1313 958 1505 1020 semel
1543 958 1739 1033 primo
1783 973 2128 1035 congressu
2167 962 2247 1022 ad

282 1041 485 1101 Aliam
528 1056 637 1101 eos
684 1042 829 1101 olim
866 1042 1154 1117 fugerunt
1184 1041 1455 1103 maiores
1486 1040 1708 1103 nostri=
1757 1058 1832 1103 ex
1863 1058 1939 1104 eo
1971 1050 2246 1119 tempore

286 1138 399 1197 per
427 1124 725 1185 ducentos
754 1126 870 1188 iam
890 1142 1098 1187 annos
1130 1141 1424 1201 pecorum
1454 1124 1514 1185 in
1543 1126 1794 1202 modum
1819 1133 2246 1189 consternatos

284 1207 554 1266 caedunt
588 1209 954 1283 fugantque3
1010 1216 1073 1269 et
1112 1211 1324 1285 plures
1367 1226 1566 1285 prope
1607 1208 1686 1269 de
1728 1210 1916 1271 Gallis
1961 1211 2246 1286 triumphi

286 1304 469 1365 quam
500 1291 581 1351 de
612 1298 741 1351 toto
772 1292 919 1352 orbe
946 1300 1245 1355 terrarum
1267 1293 1388 1353 acti
1409 1298 1570 1353 sunt.
1615 1292 1732 1351 iam
1755 1311 1872 1355 usu
1893 1294 2014 1355 hoc
2037 1296 2246 1369 cogni-

280 1380 409 1433 tum
449 1380 574 1435 est:
614 1376 669 1434 si
709 1374 967 1452 primum
1017 1376 1340 1451 impetum,
1391 1393 1572 1453 quem
1623 1377 1858 1437 fervido
1901 1378 2144 1451 ingenio
2186 1387 2247 1438 et

282 1470 469 1520 caeca
498 1456 593 1517 ira
620 1458 957 1532 effundunt,
988 1460 1384 1533 sustinueriS,
1429 1460 1626 1521 fluunt
1653 1460 1884 1521 sudore
1911 1469 1974 1522 et
2001 1460 2242 1522 lassitu-

280 1539 427 1601 dine
464 1540 767 1613 membra,
809 1543 1014 1604 labant
1041 1558 1241 1611 arma3
1283 1544 1490 1604 mollia
1518 1558 1811 1618 corpora,
1850 1546 2098 1618 molleS‚
2139 1545 2241 1604 ubi

281 1624 373 1683 ira
402 1625 700 1698 consedit,
730 1624 971 1687 animos
1002 1626 1098 1687 sol
1125 1627 1330 1701 pulvis
1363 1628 1513 1700 sitiS,
1543 1635 1610 1688 ut
1637 1629 1863 1689 serrum
1887 1644 2007 1687 non
2032 1628 2241 1689 admo-

277 1722 451 1781 veas,
480 1714 895 1783 prosternunt.
963 1725 1086 1771 non
1115 1710 1460 1786 legionibus
1493 1712 1771 1787 legiones
1801 1727 2012 1771 eorum
2042 1714 2242 1771 solum

279 1792 521 1864 experti
562 1807 810 1867 summ,
854 1792 1091 1865 sed-vir
1124 1811 1284 1855 unus
1317 1810 1452 1855 cum
1480 1795 1614 1855 viro
1645 1796 2132 1869 congrediendo,
2173 1796 2238 1855 T.

275 1872 542 1936 Manlius
558 1922 575 1948 ‚
615 1876 698 1937 Μ.
728 1876 1031 1952 Valerius,
1064 1886 1358 1955 qnantum
1388 1877 1680 1938 Gallicam
1705 1879 1939 1939 rabiem
1971 1878 2242 1939 vinceret

276 1958 557 2020 Romana
586 1962 797 2032 virtus,
829 1961 1189 2023 docuerunt.
1262 1963 1378 2022 iam
1407 1962 1488 2022 M.
1517 1960 1780 2022 Manlius
1813 1979 1970 2022 unus
1999 1963 2239 2038 agmine

272 2043 632 2104 scandentis
660 2045 719 2104 in
746 2043 1107 2118 Capitolium
1128 2045 1392 2106 detrusit
1413 2045 1640 2105 Gallos.
1681 2053 1743 2105 et
1765 2045 1881 2105 illis
1903 2045 2238 2106 maioribus

272 2127 503 2188 nostris
546 2143 685 2187 cum
726 2127 893 2187 haud
932 2127 1137 2188 dubiis
1180 2127 1370 2188 Gallis
1410 2128 1468 2186 in
1513 2145 1629 2188 sua
1669 2135 1831 2188 terra
1871 2127 2094 2204 genitis
2134 2145 2236 2190 res

268 2217 437 2278 erat;
478 2210 542 2270 hi
582 2209 703 2270 iam
744 2211 1086 2286 degeneres
1118 2220 1290 2283 sunt,
1334 2212 1536 2284 mixti,
1578 2219 1638 2272 et
1666 2213 2044 2286 Gallograeci
2071 2227 2237 2286 vere,

270 2294 443 2367 quod
491 2295 917 2370 appellantur?
976 2295 1137 2356 sicut
1177 2295 1237 2354 in
1281 2295 1560 2371 frugibus
1601 2294 2074 2370 pecudibusque
2113 2311 2235 2354 non

271 2383 502 2437 tantum
544 2379 778 2438 semina
817 2379 895 2438 ad
940 2379 1310 2438 servandam
1349 2378 1616 2438 indolem
1657 2379 1890 2452 valent,
1945 2385 2235 2454 quantum

269 2469 469 2521 terrae
514 2460 861 2537 proprietas
892 2463 1171 2538 caelique
1186 2507 1201 2534 ,
1248 2463 1368 2523 sub
1403 2479 1528 2538 quo
1559 2463 1819 2532 aluntur,
1849 2469 2054 2523 mutat.
2109 2461 2236 2522 Ma-
2263 2479 2266 2486 ·

268 2544 543 2606 cedones
590 2545 695 2620 qui
723 2546 1161 2606 Alexandriam
1200 2547 1261 2606 in
1289 2549 1610 2624 Aegypto,
1659 2543 1765 2622 qui
1793 2543 2135 2606 Seleuciam
2163 2561 2236 2605 ac

266 2626 701 2704 Babyloniam,
754 2629 983 2704 quique
1030 2628 1183 2690 alias
1235 2645 1492 2706 sparsas
1535 2643 1648 2705 per
1689 2628 1898 2690 orbem
1941 2635 2235 2689 terrarum

269 2711 547 2772 colonias
586 2711 845 2787 habent,
887 2713 947 2772 in
982 2711 1181 2792 Syros
1220 2713 1480 2774 Parthos
1508 2713 1856 2792 Aegyptios
1899 2713 2234 2787 degenera-

265 2802 425 2856 runt.
488 2795 761 2858 Massilia
801 2796 957 2858 inter
984 2797 1193 2859 Gallos
1236 2798 1356 2860 sita
1396 2797 1578 2858 traxit
1617 2797 1992 2873 aliquantum
2023 2797 2101 2857 ab
2132 2811 2232 2856 ac-

268 2878 423 2940 colis
452 2879 809 2942 animorum.
874 2881 1215 2944 Tarentinis
1245 2881 1393 2958 quid
1424 2899 1506 2944 ex
1533 2881 1836 2958 Spartana
1867 2881 2023 2940 dura
2050 2879 2150 2940 illa
2174 2887 2234 2941 et

264 2963 517 3023 horrida
564 2964 889 3040 disciplina
937 2968 1201 3028 mansit?
1262 2966 1628 3040 generosius
1667 2965 1728 3024 in
1773 2981 1890 3024 sua
1930 2961 2232 3038 quidquid

264 3045 421 3104 sede
448 3047 742 3120 gignitur:
787 3049 1035 3108 insitum
1062 3051 1298 3109 alienae
1325 3056 1525 3109 terrae
1554 3047 1616 3106 in
1645 3048 1711 3107 id
1740 3063 1865 3121 quo
1898 3047 2094 3120 alitur,
2123 3061 2230 3105 na-

264 3138 398 3188 tura
432 3136 707 3190 vertente
734 3145 837 3204 se,
882 3131 1231 3206 degenerat.
1285 3129 1564 3209 Phrygas
1595 3129 1778 3204 igitur
1807 3127 2052 3190 Gallicis
2083 3143 2225 3188 one-

263 3217 432 3273 ratos
463 3211 665 3285 armi-S,
696 3214 855 3274 sicut
881 3213 941 3273 in
972 3215 1104 3275 acie
1131 3213 1418 3292 Anti-ochi
1449 3212 1780 3288 cecidistis,
1812 3212 2009 3273 victos
2037 3210 2226 3273 victo·

263 3310 377 3356 res·
410 3296 703 3356 caedatis.
775 3297 972 3372 magis
999 3313 1226 3360 vereor
1253 3313 1333 3358 ne
1361 3313 1576 3372 parum
1612 3297 1756 3358 inde
1783 3296 2014 3372 gloriae
2045 3312 2228 3373 quam

264 3395 342 3438 ne
383 3376 633 3442 nimium
674 3380 817 3440 belli
846 3381 943 3444 sit.
1008 3383 1249 3444 Attalus
1279 3397 1390 3443 eos
1419 3398 1532 3443 rex
1562 3396 1755 3457 saepe
1785 3381 1940 3442 fudit
1967 3379 2226 3454 fugavit-

261 3479 403 3539 que.
460 3463 648 3526 nolite
689 3464 1035 3526 existimare
1076 3466 1292 3529 beluas
1331 3471 1562 3528 tantum
1589 3481 1808 3526 recens
1838 3473 2052 3540 captas
2080 3463 2225 3526 feri-
