2548 3950
491 199 722 262 LIBER
748 199 1073 261 xxxvm.
1122 199 1287 260 CAP.
1315 209 1404 263 36.
1425 209 1513 266 37.
1562 208 1634 274 [a.
1663 207 1726 260 c,
1757 203 1876 282 188]
2033 203 2160 296 35t

183 361 453 426 ferrent3
509 361 695 430 atque
743 353 804 412 in
853 353 949 412 his
1000 351 1278 414 tribubus
1323 359 1450 414 tum
1491 353 1751 429 primum
1793 371 1870 415 ex
1911 357 2160 420 Valerio

182 439 515 518 plebiscito
546 435 720 499 censi
749 443 910 498 sunt.
952 436 1033 494 M.
1059 435 1350 498 Claudius
1375 437 1700 498 Marcellus
1725 454 1960 516 censor,
1995 449 2163 503 sorte

182 529 483 600 superato
509 523 575 582 T.
608 520 905 595 Quinctio,
933 521 1191 580 lustrum
1218 520 1510 582 condidit.
1556 537 1745 582 censa
1773 532 1916 587 sunt
1939 524 2159 586 civium

181 608 392 684 capita
423 607 687 667 ducenta
727 603 1171 681 quinquaginta
1197 611 1338 665 octo
1368 605 1532 666 milia
1558 613 1829 667 trecenta
1857 608 2073 671 decem
2105 617 2164 670 et

183 699 349 754 octo.
397 690 589 752 lustro
623 690 895 765 perfecto
920 688 1209 749 consules
1238 687 1303 748 in
1333 689 1684 764 provincias
1713 692 1972 765 profecti
2003 702 2163 754 sunt.

356 773 651 834 XXXVII.
697 773 909 833 Hieme
937 787 1031 846 ea,
1064 787 1188 847 qua
1215 771 1371 832 haee
1399 775 1630 835 Romae
1659 781 1836 849 gesta
1864 783 2038 850 sunt,
2085 778 2166 839 ad

186 859 298 920 Cn.
319 857 608 918 Manlium
631 858 949 918 consulem
971 854 1251 932 primum,
1279 856 1504 917 deinde
1527 872 1639 933 pro
1666 860 1941 932 consule,
1963 859 2164 920 hiber·

184 949 436 1004 nantem
466 942 529 1001 in
554 941 740 1016 Asia,
791 939 1129 1016 legationes
1170 940 1446 1016 undique
1487 955 1567 1001 ex
1595 942 1880 1003 omnibus
1912 943 2162 1004 civitati-

183 1027 306 1088 bus
334 1026 759 1102 gentibusque,
806 1039 967 1102 quae
996 1023 1087 1084 cis
1107 1024 1372 1084 Taurum
1400 1034 1666 1086 montem
1694 1026 1986 1099 incolunt,
2018 1043 2163 1087 con·

186 1111 535 1171 veniebant.
591 1116 653 1169 et
690 1115 758 1168 ut
797 1106 1018 1168 clarior
1060 1106 1448 1184 nobiliorque
1477 1108 1733 1170 victoria
1760 1109 2052 1171 Romanis
2087 1111 2166 1170 de

186 1209 341 1268 rege
371 1191 674 1254 Antiocho
719 1191 828 1252 fuit
870 1207 1054 1267 quam
1088 1192 1165 1250 de
1197 1190 1416 1266 GalliS,
1461 1193 1542 1253 ita
1570 1194 1785 1254 laetior
1813 1192 2002 1255 sociis
2035 1201 2166 1254 erat

192 1277 277 1337 de
308 1273 495 1336 Galli's
540 1291 723 1351 quam
764 1275 843 1334 de
881 1273 1209 1334 Antiocho.
1270 1275 1646 1337 tolerabilior
1686 1279 1855 1352 regia
1896 1278 2162 1338 servitus

192 1363 392 1421 fuerat
442 1375 625 1435 quam
682 1358 893 1420 feritas
934 1357 1285 1417 immanium
1325 1357 1722 1418 barbarorum
1772 1361 2165 1435 incertusque

190 1445 255 1504 in
286 1444 419 1504 dies
446 1449 662 1515 terror,
696 1457 820 1518 quo
840 1443 1009 1502 velut
1028 1445 1366 1515 tempestas
1389 1455 1500 1502 eos
1524 1443 1874 1517 populantis
1898 1443 2165 1504 inferret.

191 1529 401 1602 itaque
428 1533 497 1586 ut
524 1525 746 1601 quibus
774 1525 1022 1586 libertas
1046 1523 1349 1585 Antiocho
1382 1525 1584 1600 pulso,
1615 1542 1740 1601 pax
1762 1525 1948 1587 Gallis
1973 1527 2164 1588 domi—

192 1612 272 1672 tis
304 1611 447 1670 data
468 1614 655 1683 esset,
683 1624 806 1669 non
829 1609 1189 1683 gratulatum
1214 1609 1400 1668 modo
1423 1615 1736 1686 venerant,
1761 1610 1875 1670 sed
1901 1624 2165 1670 coronas

195 1694 378 1755 etiam
408 1707 627 1754 aureas
668 1706 783 1768 pro
824 1691 956 1752 suis
992 1707 1277 1768 quaeque
1307 1693 1694 1756 facultatibus
1726 1695 2064 1755 attulerant.
2105 1701 2167 1754 et

90 1817 101 1824 -
196 1778 275 1838 ab
303 1776 606 1838 Antiocho
635 1776 816 1851 legati
846 1784 905 1838 et
934 1777 1010 1837 ab
1041 1776 1194 1852 ipsis
1227 1776 1447 1850 GalliS,
1488 1785 1556 1839 ut
1599 1777 1770 1852 pacis
1817 1779 1969 1854 legis
1999 1772 2163 1838 dice-

196 1868 435 1933 rentur,
480 1866 542 1920 et
582 1861 659 1920 ab
687 1859 1011 1921 Ariarathe
1050 1875 1199 1936 rege
1231 1860 1670 1936 Cappadocum
1711 1868 2042 1934 venerunt,
2082 1862 2164 1921 ad

203 1945 442 2007 veniam
464 1943 790 2022 petendam
814 1944 1225 2020 luendamque
1250 1944 1514 2019 pecunia
1535 1960 1780 2019 noxam,
1800 1945 1966 2020 quod
1993 1946 2163 2005 auxi·

201 2031 296 2091 liis
324 2028 692 2091 Antiochum
722 2026 998 2089 iuvisset.
1033 2026 1175 2088 huic
1198 2033 1495 2089 sexcenta
1517 2031 1741 2089 talenta
1762 2030 1992 2105 argenti
2024 2036 2166 2089 sunt

202 2116 529 2190 imperata;
575 2111 763 2172 Gallis
792 2126 1196 2187 responsum,
1229 2126 1368 2171 cum
1397 2111 1702 2173 Eumenes
1731 2128 1844 2173 rex
1872 2112 2163 2186 venisset,

203 2205 327 2261 tum
359 2199 638 2257 daturum
666 2194 742 2255 iis
771 2196 961 2270 leges.
1007 2194 1338 2255 civitatium
1362 2195 1698 2271 legationes
1724 2212 1862 2257 cum
1883 2194 2165 2270 benignis

200 2280 552 2357 responsis,
596 2279 881 2357 laetiores
911 2277 1093 2338 etiam
1124 2295 1305 2353 quam
1337 2287 1657 2352 venerant,
1691 2278 2000 2340 dimissae.
2041 2280 2165 2337 An-

205 2364 387 2426 tiochi
430 2364 609 2437 legati
653 2360 975 2439 pecuniam
1018 2361 1076 2420 in
1107 2361 1530 2440 Pamphyliam
1572 2364 2061 2439 frumentumque
2087 2378 2168 2421 ex

209 2454 387 2525 pacto
419 2463 556 2508 cum
577 2446 643 2505 L.
670 2445 961 2522 Scipione
990 2445 1243 2506 foedere
1268 2446 1426 2507 iussi
1451 2447 1788 2508 advehere:
1833 2462 1909 2508 eo
1936 2462 2006 2507 se
2029 2461 2166 2507 cum

208 2531 479 2592 exercitu
516 2538 860 2589 venturum.
932 2526 1231 2605 principio
1263 2530 1487 2591 deinde
1512 2530 1680 2591 veris
1709 2531 1962 2591 lustrato
1993 2544 2168 2590 exer-

209 2616 330 2676 citu
358 2613 671 2690 profectus
702 2613 800 2674 die
826 2620 1043 2685 octavo
1068 2614 1404 2688 Apameam
1429 2614 1609 2674 venit.
1653 2614 1735 2675 ibi
1756 2612 2019 2676 triduum
2045 2620 2166 2673 sta·

210 2697 349 2761 tivis
378 2696 619 2769 habitiS,
652 2696 843 2759 tertiis
870 2711 1087 2757 rursus
1117 2698 1195 2757 ab
1216 2699 1500 2775 Apamea
1528 2697 1747 2761 castris
1777 2699 1836 2759 in
1860 2696 2165 2775 Pamphy·

211 2784 379 2856 liam,
411 2798 535 2859 quo
568 2782 885 2857 pecuniam
916 2783 1405 2857 frumentumque
1432 2782 1636 2857 regios
1668 2782 2015 2844 convehere
2045 2780 2168 2841 ius-

212 2875 404 2941 serat,
457 2866 751 2941 pervenit.
825 2868 949 2927 duo
1000 2865 1164 2927 milia
1203 2871 1264 2925 et
1307 2866 1638 2942 quingenta
1668 2869 1894 2935 talenta
1936 2863 2166 2939 argenti

212 2957 467 3024 accepta
493 2952 833 3025 Apameam
877 2951 1306 3025 deportantur,
1361 2951 1726 3011 frumentum
1759 2948 2050 3008 exercitui
2081 2946 2169 3005 di·

212 3030 449 3094 viditur.
494 3032 639 3092 inde
669 3031 749 3091 ad
776 3032 1029 3107 Pergam
1060 3033 1241 3105 ducit,
1274 3047 1436 3106 quae
1461 3049 1585 3092 una
1613 3034 1673 3091 in
1701 3030 1797 3091 his
1821 3031 1974 3090 locis
1998 3028 2168 3103 regio

215 3114 529 3179 tenebatur
561 3115 889 3191 praesidio.
958 3114 1474 3191 appropinquanti
1508 3116 1853 3190 praefectus
1886 3110 2171 3189 praesidii

219 3199 434 3262 obvius
466 3198 602 3273 tuit,
638 3199 876 3273 triginta
904 3198 1140 3259 dierum
1166 3206 1408 3273 tempus
1438 3205 1686 3274 petenS‚
1716 3204 1784 3257 ut
1809 3211 2019 3271 regem
2045 3196 2170 3253 An-

216 3282 483 3346 tiochum
524 3284 602 3343 de
641 3282 794 3343 urbe
835 3283 1135 3344 tradenda
1174 3284 1540 3343 consuleret.
1606 3283 1747 3343 dato
1778 3287 2055 3356 tempore
2094 3278 2172 3337 ad

220 3384 351 3430 eam
382 3367 543 3429 diem
572 3365 880 3443 praesidio
912 3366 1237 3428 decessum
1263 3374 1417 3427 esta
1437 3364 1632 3442 Perga
1651 3365 1716 3426 L.
1740 3363 1965 3424 Manlio
1995 3361 2174 3421 fratre

222 3469 354 3515 cum
399 3458 684 3529 quattuor
723 3449 966 3513 milibus
1006 3451 1257 3513 militum
1289 3448 1573 3512 Oroanda
1611 3449 1692 3510 ad
1729 3448 2030 3524 reliquum
2067 3461 2171 3521 pe·
