<?xml version="1.0" encoding="UTF-8"?>
<!DOCTYPE html PUBLIC "-//W3C//DTD XHTML 1.0 Transitional//EN"
    "http://www.w3.org/TR/xhtml1/DTD/xhtml1-transitional.dtd">
<html xmlns="http://www.w3.org/1999/xhtml" xml:lang="en" lang="en">
 <head>
  <title>
</title>
<meta http-equiv="Content-Type" content="text/html;charset=utf-8" />
  <meta name='ocr-system' content='tesseract 3.04.00' />
  <meta name='ocr-capabilities' content='ocr_page ocr_carea ocr_par ocr_line ocrx_word'/>
</head>
<body>
  <div class='ocr_page' id='page_1' title='image "./aburbeconditali14livygoog_0289.png"; bbox 0 0 2548 3950; ppageno 0'>
   <div class='ocr_carea' id='block_1_1' title="bbox 347 188 2007 311">
    <p class='ocr_par' dir='ltr' id='par_1_1' title="bbox 347 188 2007 311">
     <span class='ocr_line' id='line_1_1' title="bbox 347 188 2007 311; baseline -0.002 -8"><span class='ocrx_word' id='word_1_1' title='bbox 347 241 480 305; x_wconf 79' lang='lat'>262</span> <span class='ocrx_word' id='word_1_2' title='bbox 597 286 602 291; x_wconf 93' lang='lat'><strong>.</strong></span> <span class='ocrx_word' id='word_1_3' title='bbox 646 239 876 301; x_wconf 68' lang='lat' dir='ltr'>Licca</span> <span class='ocrx_word' id='word_1_4' title='bbox 903 190 1196 299; x_wconf 67' lang='grc' dir='ltr'><strong>ὶὲΧΧνΠ.</strong></span> <span class='ocrx_word' id='word_1_5' title='bbox 1243 188 1409 298; x_wconf 64' lang='lat' dir='ltr'>CA13.</span> <span class='ocrx_word' id='word_1_6' title='bbox 1438 248 1490 299; x_wconf 82' lang='lat'>2.</span> <span class='ocrx_word' id='word_1_7' title='bbox 1519 246 1574 299; x_wconf 81' lang='lat'>3.</span> <span class='ocrx_word' id='word_1_8' title='bbox 1619 244 1691 311; x_wconf 74' lang='lat' dir='ltr'>[a.</span> <span class='ocrx_word' id='word_1_9' title='bbox 1718 243 1789 296; x_wconf 83' lang='grc' dir='ltr'>υ.</span> <span class='ocrx_word' id='word_1_10' title='bbox 1814 262 1861 295; x_wconf 76' lang='lat'>0.</span> <span class='ocrx_word' id='word_1_11' title='bbox 1883 244 2007 311; x_wconf 76' lang='lat'>562]</span> 
     </span>
    </p>
   </div>
   <div class='ocr_carea' id='block_1_2' title="bbox 257 388 2325 3562">
    <p class='ocr_par' dir='ltr' id='par_1_2' title="bbox 257 388 2325 3389">
     <span class='ocr_line' id='line_1_2' title="bbox 257 388 2325 467; baseline -0.002 -11"><span class='ocrx_word' id='word_1_12' title='bbox 257 428 262 437; x_wconf 92' lang='lat'><em>·</em></span> <span class='ocrx_word' id='word_1_13' title='bbox 345 404 470 456; x_wconf 77' lang='lat' dir='ltr'>tum</span> <span class='ocrx_word' id='word_1_14' title='bbox 495 392 703 453; x_wconf 83' lang='lat' dir='ltr'>addita</span> <span class='ocrx_word' id='word_1_15' title='bbox 725 391 998 467; x_wconf 89' lang='lat' dir='ltr'>peditum</span> <span class='ocrx_word' id='word_1_16' title='bbox 1021 390 1242 451; x_wconf 89' lang='lat' dir='ltr'>civium</span> <span class='ocrx_word' id='word_1_17' title='bbox 1261 389 1679 451; x_wconf 88' lang='lat' dir='ltr'>Romanorum</span> <span class='ocrx_word' id='word_1_18' title='bbox 1700 388 1816 450; x_wconf 87' lang='lat' dir='ltr'>tria</span> <span class='ocrx_word' id='word_1_19' title='bbox 1842 390 2037 463; x_wconf 88' lang='lat' dir='ltr'>milia,</span> <span class='ocrx_word' id='word_1_20' title='bbox 2066 390 2325 465; x_wconf 77' lang='lat' dir='ltr'><strong>equites</strong></span> 
     </span>
     <span class='ocr_line' id='line_1_3' title="bbox 346 473 2325 551; baseline -0.001 -12"><span class='ocrx_word' id='word_1_21' title='bbox 346 486 617 551; x_wconf 87' lang='lat' dir='ltr'>centum,</span> <span class='ocrx_word' id='word_1_22' title='bbox 649 482 712 536; x_wconf 87' lang='lat' dir='ltr'>et</span> <span class='ocrx_word' id='word_1_23' title='bbox 740 475 978 535; x_wconf 89' lang='lat' dir='ltr'>socium</span> <span class='ocrx_word' id='word_1_24' title='bbox 1003 474 1200 535; x_wconf 82' lang='lat' dir='ltr'>Latini</span> <span class='ocrx_word' id='word_1_25' title='bbox 1228 474 1491 535; x_wconf 87' lang='lat' dir='ltr'>nominis</span> <span class='ocrx_word' id='word_1_26' title='bbox 1524 474 1802 549; x_wconf 89' lang='lat' dir='ltr'>quinque</span> <span class='ocrx_word' id='word_1_27' title='bbox 1824 473 2022 545; x_wconf 86' lang='lat' dir='ltr'>milia,</span> <span class='ocrx_word' id='word_1_28' title='bbox 2066 475 2325 549; x_wconf 78' lang='lat' dir='ltr'>equites</span> 
     </span>
     <span class='ocr_line' id='line_1_4' title="bbox 349 557 2324 633; baseline -0.002 -11"><span class='ocrx_word' id='word_1_29' title='bbox 349 560 626 628; x_wconf 84' lang='lat' dir='ltr'>ducenti;</span> <span class='ocrx_word' id='word_1_30' title='bbox 674 568 734 619; x_wconf 81' lang='lat' dir='ltr'>et</span> <span class='ocrx_word' id='word_1_31' title='bbox 761 558 1065 621; x_wconf 86' lang='lat' dir='ltr'>adiectum</span> <span class='ocrx_word' id='word_1_32' title='bbox 1089 565 1184 631; x_wconf 89' lang='lat' dir='ltr'>ut,</span> <span class='ocrx_word' id='word_1_33' title='bbox 1228 574 1368 618; x_wconf 88' lang='lat' dir='ltr'>cum</span> <span class='ocrx_word' id='word_1_34' title='bbox 1395 558 1457 617; x_wconf 91' lang='lat' dir='ltr'>in</span> <span class='ocrx_word' id='word_1_35' title='bbox 1499 557 1878 632; x_wconf 85' lang='lat' dir='ltr'>provinciam</span> <span class='ocrx_word' id='word_1_36' title='bbox 1904 558 2215 633; x_wconf 74' lang='lat' dir='ltr'>venisset,</span> <span class='ocrx_word' id='word_1_37' title='bbox 2256 560 2324 619; x_wconf 85' lang='lat' dir='ltr'>si</span> 
     </span>
     <span class='ocr_line' id='line_1_5' title="bbox 347 639 2321 718; baseline -0.001 -15"><span class='ocrx_word' id='word_1_38' title='bbox 347 660 384 703; x_wconf 88' lang='lat' dir='ltr'>e</span> <span class='ocrx_word' id='word_1_39' title='bbox 409 660 478 704; x_wconf 87' lang='lat' dir='ltr'>re</span> <span class='ocrx_word' id='word_1_40' title='bbox 508 642 754 718; x_wconf 87' lang='lat' dir='ltr'>publica</span> <span class='ocrx_word' id='word_1_41' title='bbox 781 642 1092 701; x_wconf 83' lang='lat' dir='ltr'>videretur</span> <span class='ocrx_word' id='word_1_42' title='bbox 1113 657 1289 715; x_wconf 88' lang='lat' dir='ltr'>esse,</span> <span class='ocrx_word' id='word_1_43' title='bbox 1321 642 1652 703; x_wconf 88' lang='lat' dir='ltr'>exercitum</span> <span class='ocrx_word' id='word_1_44' title='bbox 1682 640 1743 701; x_wconf 88' lang='lat' dir='ltr'>in</span> <span class='ocrx_word' id='word_1_45' title='bbox 1767 640 1981 703; x_wconf 81' lang='lat' dir='ltr'>Asiam</span> <span class='ocrx_word' id='word_1_46' title='bbox 2000 639 2321 703; x_wconf 79' lang='lat' dir='ltr'>traiceret.</span> 
     </span>
     <span class='ocr_line' id='line_1_6' title="bbox 347 724 2318 801; baseline 0 -14"><span class='ocrx_word' id='word_1_47' title='bbox 347 728 518 789; x_wconf 83' lang='lat' dir='ltr'>alteri</span> <span class='ocrx_word' id='word_1_48' title='bbox 547 726 784 787; x_wconf 90' lang='lat' dir='ltr'>consuli</span> <span class='ocrx_word' id='word_1_49' title='bbox 813 732 974 786; x_wconf 84' lang='lat' dir='ltr'>totus</span> <span class='ocrx_word' id='word_1_50' title='bbox 1005 740 1205 786; x_wconf 87' lang='lat' dir='ltr'>novus</span> <span class='ocrx_word' id='word_1_51' title='bbox 1235 725 1543 785; x_wconf 85' lang='lat' dir='ltr'>exercitus</span> <span class='ocrx_word' id='word_1_52' title='bbox 1573 725 1891 799; x_wconf 86' lang='lat' dir='ltr'>decretus,</span> <span class='ocrx_word' id='word_1_53' title='bbox 1930 724 2089 787; x_wconf 82' lang='lat' dir='ltr'><strong>duae</strong></span> <span class='ocrx_word' id='word_1_54' title='bbox 2116 726 2318 801; x_wconf 75' lang='lat' dir='ltr'>leg-io·</span> 
     </span>
     <span class='ocr_line' id='line_1_7' title="bbox 347 807 2323 883; baseline 0.001 -14"><span class='ocrx_word' id='word_1_55' title='bbox 347 826 459 871; x_wconf 91' lang='lat' dir='ltr'>nes</span> <span class='ocrx_word' id='word_1_56' title='bbox 497 812 811 871; x_wconf 80' lang='lat' dir='ltr'>Romanae</span> <span class='ocrx_word' id='word_1_57' title='bbox 845 816 906 871; x_wconf 88' lang='lat' dir='ltr'>et</span> <span class='ocrx_word' id='word_1_58' title='bbox 945 809 1182 870; x_wconf 89' lang='lat' dir='ltr'>socium</span> <span class='ocrx_word' id='word_1_59' title='bbox 1207 809 1405 869; x_wconf 85' lang='lat' dir='ltr'>Latini</span> <span class='ocrx_word' id='word_1_60' title='bbox 1444 810 1709 871; x_wconf 90' lang='lat' dir='ltr'>nominis</span> <span class='ocrx_word' id='word_1_61' title='bbox 1754 807 2103 883; x_wconf 77' lang='lat' dir='ltr'>quin-decim</span> <span class='ocrx_word' id='word_1_62' title='bbox 2140 807 2323 870; x_wconf 83' lang='lat' dir='ltr'>milia</span> 
     </span>
     <span class='ocr_line' id='line_1_8' title="bbox 344 890 2321 969; baseline 0 -16"><span class='ocrx_word' id='word_1_63' title='bbox 344 894 650 969; x_wconf 83' lang='lat' dir='ltr'>peditum,</span> <span class='ocrx_word' id='word_1_64' title='bbox 681 892 920 969; x_wconf 84' lang='lat' dir='ltr'>equites</span> <span class='ocrx_word' id='word_1_65' title='bbox 953 893 1246 953; x_wconf 81' lang='lat' dir='ltr'><strong>sexcenti.</strong></span> <span class='ocrx_word' id='word_1_66' title='bbox 1292 893 1628 954; x_wconf 84' lang='lat' dir='ltr'>exercitum</span> <span class='ocrx_word' id='word_1_67' title='bbox 1656 908 1737 953; x_wconf 84' lang='lat' dir='ltr'>ex</span> <span class='ocrx_word' id='word_1_68' title='bbox 1754 890 2081 967; x_wconf 78' lang='lat' dir='ltr'><strong>Liguribus</strong></span> <span class='ocrx_word' id='word_1_69' title='bbox 2104 891 2173 967; x_wconf 76' lang='lat' dir='ltr'>Q.</span> <span class='ocrx_word' id='word_1_70' title='bbox 2195 892 2321 953; x_wconf 76' lang='lat' dir='ltr'>Mi-</span> 
     </span>
     <span class='ocr_line' id='line_1_9' title="bbox 345 975 2321 1054; baseline -0.001 -17"><span class='ocrx_word' id='word_1_71' title='bbox 345 978 566 1040; x_wconf 86' lang='lat' dir='ltr'>nucius</span> <span class='ocrx_word' id='word_1_72' title='bbox 595 1012 682 1025; x_wconf 83' lang='lat'>--</span> <span class='ocrx_word' id='word_1_73' title='bbox 709 978 829 1038; x_wconf 85' lang='lat' dir='ltr'>iam</span> <span class='ocrx_word' id='word_1_74' title='bbox 857 977 1018 1037; x_wconf 85' lang='lat' dir='ltr'>enim</span> <span class='ocrx_word' id='word_1_75' title='bbox 1047 978 1391 1037; x_wconf 85' lang='lat' dir='ltr'>confectam</span> <span class='ocrx_word' id='word_1_76' title='bbox 1420 976 1799 1054; x_wconf 86' lang='lat' dir='ltr'>provinciam</span> <span class='ocrx_word' id='word_1_77' title='bbox 1840 975 2205 1051; x_wconf 74' lang='lat' dir='ltr'><strong>scripserat,</strong></span> <span class='ocrx_word' id='word_1_78' title='bbox 2252 986 2321 1037; x_wconf 87' lang='lat' dir='ltr'>et</span> 
     </span>
     <span class='ocr_line' id='line_1_10' title="bbox 345 1059 2323 1135; baseline 0 -15"><span class='ocrx_word' id='word_1_79' title='bbox 345 1060 633 1135; x_wconf 79' lang='lat' dir='ltr'>Ligurum</span> <span class='ocrx_word' id='word_1_80' title='bbox 663 1076 842 1123; x_wconf 83' lang='lat' dir='ltr'>omne</span> <span class='ocrx_word' id='word_1_81' title='bbox 869 1074 1094 1121; x_wconf 85' lang='lat' dir='ltr'>nomen</span> <span class='ocrx_word' id='word_1_82' title='bbox 1123 1061 1186 1119; x_wconf 88' lang='lat' dir='ltr'>in</span> <span class='ocrx_word' id='word_1_83' title='bbox 1215 1060 1587 1121; x_wconf 85' lang='lat' dir='ltr'>deditionem</span> <span class='ocrx_word' id='word_1_84' title='bbox 1606 1062 1859 1121; x_wconf 83' lang='lat' dir='ltr'>venisse</span> <span class='ocrx_word' id='word_1_85' title='bbox 1880 1092 1959 1105; x_wconf 87' lang='lat'>-—</span> <span class='ocrx_word' id='word_1_86' title='bbox 1983 1059 2323 1121; x_wconf 78' lang='lat' dir='ltr'>traducere</span> 
     </span>
     <span class='ocr_line' id='line_1_11' title="bbox 347 1143 2320 1219; baseline 0.001 -16"><span class='ocrx_word' id='word_1_87' title='bbox 347 1146 408 1203; x_wconf 88' lang='lat' dir='ltr'>in</span> <span class='ocrx_word' id='word_1_88' title='bbox 428 1146 620 1206; x_wconf 89' lang='lat' dir='ltr'>Boios</span> <span class='ocrx_word' id='word_1_89' title='bbox 643 1152 706 1205; x_wconf 89' lang='lat' dir='ltr'>et</span> <span class='ocrx_word' id='word_1_90' title='bbox 724 1144 790 1203; x_wconf 91' lang='lat' dir='ltr'>P.</span> <span class='ocrx_word' id='word_1_91' title='bbox 815 1143 1094 1204; x_wconf 86' lang='lat' dir='ltr'>Cornelio</span> <span class='ocrx_word' id='word_1_92' title='bbox 1119 1145 1479 1218; x_wconf 82' lang='lat' dir='ltr'><strong>proconsuli</strong></span> <span class='ocrx_word' id='word_1_93' title='bbox 1498 1144 1743 1205; x_wconf 77' lang='lat' dir='ltr'>tradere</span> <span class='ocrx_word' id='word_1_94' title='bbox 1762 1144 1993 1205; x_wconf 79' lang='lat' dir='ltr'>iussus.</span> <span class='ocrx_word' id='word_1_95' title='bbox 2031 1158 2111 1203; x_wconf 86' lang='lat' dir='ltr'>ex</span> <span class='ocrx_word' id='word_1_96' title='bbox 2132 1159 2320 1219; x_wconf 76' lang='lat' dir='ltr'>agro,</span> 
     </span>
     <span class='ocr_line' id='line_1_12' title="bbox 341 1226 2321 1303; baseline -0.001 -15"><span class='ocrx_word' id='word_1_97' title='bbox 341 1244 471 1303; x_wconf 81' lang='lat' dir='ltr'>quo</span> <span class='ocrx_word' id='word_1_98' title='bbox 501 1228 699 1288; x_wconf 85' lang='lat' dir='ltr'>victos</span> <span class='ocrx_word' id='word_1_99' title='bbox 729 1228 890 1287; x_wconf 86' lang='lat' dir='ltr'>bello</span> <span class='ocrx_word' id='word_1_100' title='bbox 931 1226 1293 1287; x_wconf 78' lang='lat' dir='ltr'>multaverat</span> <span class='ocrx_word' id='word_1_101' title='bbox 1318 1227 1539 1299; x_wconf 78' lang='lat' dir='ltr'>BoioS,</span> <span class='ocrx_word' id='word_1_102' title='bbox 1592 1227 1993 1288; x_wconf 79' lang='lat' dir='ltr'>deducendae</span> <span class='ocrx_word' id='word_1_103' title='bbox 2033 1226 2321 1288; x_wconf 86' lang='lat' dir='ltr'>urbanae</span> 
     </span>
     <span class='ocr_line' id='line_1_13' title="bbox 343 1308 2319 1387; baseline 0.002 -18"><span class='ocrx_word' id='word_1_104' title='bbox 343 1311 654 1387; x_wconf 78' lang='lat' dir='ltr'>legioneS,</span> <span class='ocrx_word' id='word_1_105' title='bbox 687 1325 846 1385; x_wconf 87' lang='lat' dir='ltr'>quae</span> <span class='ocrx_word' id='word_1_106' title='bbox 875 1310 1082 1386; x_wconf 88' lang='lat' dir='ltr'>priore</span> <span class='ocrx_word' id='word_1_107' title='bbox 1112 1326 1274 1371; x_wconf 87' lang='lat' dir='ltr'>anno</span> <span class='ocrx_word' id='word_1_108' title='bbox 1308 1312 1697 1387; x_wconf 78' lang='lat' dir='ltr'>conscriptae</span> <span class='ocrx_word' id='word_1_109' title='bbox 1724 1316 1925 1384; x_wconf 84' lang='lat' dir='ltr'>crant,</span> <span class='ocrx_word' id='word_1_110' title='bbox 1966 1308 2048 1371; x_wconf 91' lang='grc' dir='ltr'>Μ.</span> <span class='ocrx_word' id='word_1_111' title='bbox 2074 1310 2319 1373; x_wconf 77' lang='lat' dir='ltr'>Tuccio</span> 
     </span>
     <span class='ocr_line' id='line_1_14' title="bbox 345 1393 2322 1477; baseline 0.001 -23"><span class='ocrx_word' id='word_1_112' title='bbox 345 1395 618 1469; x_wconf 84' lang='lat' dir='ltr'>praetori</span> <span class='ocrx_word' id='word_1_113' title='bbox 645 1394 853 1465; x_wconf 83' lang='lat' dir='ltr'>datae,</span> <span class='ocrx_word' id='word_1_114' title='bbox 888 1400 949 1454; x_wconf 89' lang='lat' dir='ltr'>et</span> <span class='ocrx_word' id='word_1_115' title='bbox 975 1394 1214 1455; x_wconf 88' lang='lat' dir='ltr'>socium</span> <span class='ocrx_word' id='word_1_116' title='bbox 1234 1410 1309 1455; x_wconf 87' lang='lat' dir='ltr'>ac</span> <span class='ocrx_word' id='word_1_117' title='bbox 1329 1394 1811 1477; x_wconf 76' lang='lat' dir='ltr'>Latininominis</span> <span class='ocrx_word' id='word_1_118' title='bbox 1835 1393 2105 1470; x_wconf 86' lang='lat' dir='ltr'>peditum</span> <span class='ocrx_word' id='word_1_119' title='bbox 2129 1394 2322 1469; x_wconf 85' lang='lat' dir='ltr'>quin-</span> 
     </span>
     <span class='ocr_line' id='line_1_15' title="bbox 351 1477 2323 1553; baseline 0.001 -16"><span class='ocrx_word' id='word_1_120' title='bbox 351 1478 544 1539; x_wconf 70' lang='lat' dir='ltr'>decim</span> <span class='ocrx_word' id='word_1_121' title='bbox 575 1478 740 1538; x_wconf 87' lang='lat' dir='ltr'>milia</span> <span class='ocrx_word' id='word_1_122' title='bbox 767 1483 830 1538; x_wconf 88' lang='lat' dir='ltr'>et</span> <span class='ocrx_word' id='word_1_123' title='bbox 857 1477 1094 1553; x_wconf 83' lang='lat' dir='ltr'>equites</span> <span class='ocrx_word' id='word_1_124' title='bbox 1126 1479 1444 1552; x_wconf 82' lang='lat' dir='ltr'>sexcenti,</span> <span class='ocrx_word' id='word_1_125' title='bbox 1485 1478 1567 1539; x_wconf 87' lang='lat' dir='ltr'>ad</span> <span class='ocrx_word' id='word_1_126' title='bbox 1594 1478 1879 1552; x_wconf 78' lang='lat' dir='ltr'>Apuliam</span> <span class='ocrx_word' id='word_1_127' title='bbox 1908 1477 2323 1553; x_wconf 77' lang='lat' dir='ltr'>Bruttiosque</span> 
     </span>
     <span class='ocr_line' id='line_1_16' title="bbox 347 1561 2321 1637; baseline 0.001 -16"><span class='ocrx_word' id='word_1_128' title='bbox 347 1562 735 1623; x_wconf 86' lang='lat' dir='ltr'>obtinendos.</span> <span class='ocrx_word' id='word_1_129' title='bbox 807 1561 882 1620; x_wconf 90' lang='lat' dir='ltr'>A.</span> <span class='ocrx_word' id='word_1_130' title='bbox 935 1561 1214 1622; x_wconf 87' lang='lat' dir='ltr'>Cornelio</span> <span class='ocrx_word' id='word_1_131' title='bbox 1267 1562 1607 1637; x_wconf 88' lang='lat' dir='ltr'>superioris</span> <span class='ocrx_word' id='word_1_132' title='bbox 1658 1562 1801 1637; x_wconf 82' lang='lat' dir='ltr'>anni</span> <span class='ocrx_word' id='word_1_133' title='bbox 1848 1562 2141 1636; x_wconf 84' lang='lat' dir='ltr'>praetori,</span> <span class='ocrx_word' id='word_1_134' title='bbox 2200 1564 2321 1636; x_wconf 87' lang='lat' dir='ltr'>qui</span> 
     </span>
     <span class='ocr_line' id='line_1_17' title="bbox 344 1644 2317 1721; baseline 0 -16"><span class='ocrx_word' id='word_1_135' title='bbox 344 1645 610 1705; x_wconf 81' lang='lat' dir='ltr'>Bruttios</span> <span class='ocrx_word' id='word_1_136' title='bbox 642 1660 781 1705; x_wconf 88' lang='lat' dir='ltr'>cum</span> <span class='ocrx_word' id='word_1_137' title='bbox 809 1645 1083 1705; x_wconf 85' lang='lat' dir='ltr'>exercitu</span> <span class='ocrx_word' id='word_1_138' title='bbox 1111 1644 1485 1721; x_wconf 81' lang='lat' dir='ltr'>obtinuerat,</span> <span class='ocrx_word' id='word_1_139' title='bbox 1528 1646 1919 1721; x_wconf 85' lang='lat' dir='ltr'>imperatum,</span> <span class='ocrx_word' id='word_1_140' title='bbox 1962 1644 2017 1705; x_wconf 88' lang='lat' dir='ltr'>si</span> <span class='ocrx_word' id='word_1_141' title='bbox 2044 1644 2127 1705; x_wconf 87' lang='lat' dir='ltr'>ita</span> <span class='ocrx_word' id='word_1_142' title='bbox 2153 1660 2317 1705; x_wconf 89' lang='lat' dir='ltr'>con-</span> 
     </span>
     <span class='ocr_line' id='line_1_18' title="bbox 345 1718 2317 1803; baseline 0.002 -16"><span class='ocrx_word' id='word_1_143' title='bbox 345 1729 462 1787; x_wconf 79' lang='lat' dir='ltr'>suli</span> <span class='ocrx_word' id='word_1_144' title='bbox 489 1728 827 1800; x_wconf 85' lang='lat' dir='ltr'>videretur,</span> <span class='ocrx_word' id='word_1_145' title='bbox 857 1734 925 1788; x_wconf 88' lang='lat' dir='ltr'>ut</span> <span class='ocrx_word' id='word_1_146' title='bbox 951 1718 1228 1803; x_wconf 76' lang='lat' dir='ltr'>regiones</span> <span class='ocrx_word' id='word_1_147' title='bbox 1257 1729 1321 1789; x_wconf 89' lang='lat' dir='ltr'>in</span> <span class='ocrx_word' id='word_1_148' title='bbox 1342 1730 1644 1789; x_wconf 83' lang='lat' dir='ltr'>Aetoliam</span> <span class='ocrx_word' id='word_1_149' title='bbox 1674 1729 1957 1790; x_wconf 86' lang='lat' dir='ltr'>traiectas</span> <span class='ocrx_word' id='word_1_150' title='bbox 1978 1726 2077 1787; x_wconf 86' lang='grc' dir='ltr'>Μ’.</span> <span class='ocrx_word' id='word_1_151' title='bbox 2102 1728 2317 1790; x_wconf 84' lang='lat' dir='ltr'>Acilio</span> 
     </span>
     <span class='ocr_line' id='line_1_19' title="bbox 344 1810 2315 1885; baseline 0.002 -15"><span class='ocrx_word' id='word_1_152' title='bbox 344 1810 724 1885; x_wconf 48' lang='lat' dir='ltr'>traderem-si</span> <span class='ocrx_word' id='word_1_153' title='bbox 755 1812 810 1870; x_wconf 94' lang='lat' dir='ltr'>is</span> <span class='ocrx_word' id='word_1_154' title='bbox 838 1826 1086 1871; x_wconf 86' lang='lat' dir='ltr'>manere</span> <span class='ocrx_word' id='word_1_155' title='bbox 1113 1812 1200 1871; x_wconf 89' lang='lat' dir='ltr'>ibi</span> <span class='ocrx_word' id='word_1_156' title='bbox 1225 1813 1439 1873; x_wconf 62' lang='lat' dir='ltr'>vellen</span> <span class='ocrx_word' id='word_1_157' title='bbox 1484 1812 1539 1873; x_wconf 87' lang='lat' dir='ltr'>si</span> <span class='ocrx_word' id='word_1_158' title='bbox 1559 1812 1795 1873; x_wconf 88' lang='lat' dir='ltr'>Acilius</span> <span class='ocrx_word' id='word_1_159' title='bbox 1822 1812 2024 1873; x_wconf 86' lang='lat' dir='ltr'>redire</span> <span class='ocrx_word' id='word_1_160' title='bbox 2044 1811 2315 1873; x_wconf 85' lang='lat' dir='ltr'>Romam</span> 
     </span>
     <span class='ocr_line' id='line_1_20' title="bbox 343 1892 2315 1969; baseline 0.003 -17"><span class='ocrx_word' id='word_1_161' title='bbox 343 1895 578 1969; x_wconf 87' lang='lat' dir='ltr'>mallet,</span> <span class='ocrx_word' id='word_1_162' title='bbox 619 1902 685 1955; x_wconf 91' lang='lat' dir='ltr'>ut</span> <span class='ocrx_word' id='word_1_163' title='bbox 716 1896 792 1955; x_wconf 89' lang='lat' dir='ltr'>A.</span> <span class='ocrx_word' id='word_1_164' title='bbox 825 1892 1142 1955; x_wconf 87' lang='lat' dir='ltr'>Cornelius</span> <span class='ocrx_word' id='word_1_165' title='bbox 1172 1910 1312 1956; x_wconf 89' lang='lat' dir='ltr'>cum</span> <span class='ocrx_word' id='word_1_166' title='bbox 1340 1911 1415 1957; x_wconf 89' lang='lat' dir='ltr'>eo</span> <span class='ocrx_word' id='word_1_167' title='bbox 1444 1896 1719 1957; x_wconf 85' lang='lat' dir='ltr'>exercitu</span> <span class='ocrx_word' id='word_1_168' title='bbox 1745 1897 1807 1956; x_wconf 85' lang='lat' dir='ltr'>in</span> <span class='ocrx_word' id='word_1_169' title='bbox 1834 1895 2077 1957; x_wconf 86' lang='lat' dir='ltr'>Aetolia</span> <span class='ocrx_word' id='word_1_170' title='bbox 2104 1910 2315 1957; x_wconf 80' lang='lat' dir='ltr'>rema—</span> 
     </span>
     <span class='ocr_line' id='line_1_21' title="bbox 342 1978 2313 2056; baseline 0.002 -18"><span class='ocrx_word' id='word_1_171' title='bbox 342 1985 534 2040; x_wconf 85' lang='lat' dir='ltr'>neret.</span> <span class='ocrx_word' id='word_1_172' title='bbox 581 1978 643 2039; x_wconf 82' lang='grc' dir='ltr'>Ο.</span> <span class='ocrx_word' id='word_1_173' title='bbox 674 1978 946 2041; x_wconf 85' lang='lat' dir='ltr'>Atinium</span> <span class='ocrx_word' id='word_1_174' title='bbox 970 1978 1322 2041; x_wconf 87' lang='lat' dir='ltr'>Labeonem</span> <span class='ocrx_word' id='word_1_175' title='bbox 1366 1980 1745 2056; x_wconf 86' lang='lat' dir='ltr'>provinciam</span> <span class='ocrx_word' id='word_1_176' title='bbox 1776 1979 2040 2041; x_wconf 85' lang='lat' dir='ltr'>Siciliam</span> <span class='ocrx_word' id='word_1_177' title='bbox 2068 1981 2313 2042; x_wconf 83' lang='lat' dir='ltr'>exerci-</span> 
     </span>
     <span class='ocr_line' id='line_1_22' title="bbox 342 2062 2315 2140; baseline 0.001 -17"><span class='ocrx_word' id='word_1_178' title='bbox 342 2070 596 2136; x_wconf 85' lang='lat' dir='ltr'>tumque</span> <span class='ocrx_word' id='word_1_179' title='bbox 624 2079 662 2122; x_wconf 85' lang='lat' dir='ltr'>a</span> <span class='ocrx_word' id='word_1_180' title='bbox 682 2062 765 2122; x_wconf 89' lang='grc' dir='ltr'>Μ.</span> <span class='ocrx_word' id='word_1_181' title='bbox 794 2062 1053 2123; x_wconf 89' lang='lat' dir='ltr'>Aemilio</span> <span class='ocrx_word' id='word_1_182' title='bbox 1098 2064 1381 2138; x_wconf 86' lang='lat' dir='ltr'>accipere</span> <span class='ocrx_word' id='word_1_183' title='bbox 1422 2064 1675 2140; x_wconf 86' lang='lat' dir='ltr'>placuit,</span> <span class='ocrx_word' id='word_1_184' title='bbox 1720 2071 1782 2124; x_wconf 86' lang='lat' dir='ltr'>et</span> <span class='ocrx_word' id='word_1_185' title='bbox 1821 2064 1883 2124; x_wconf 90' lang='lat' dir='ltr'>in</span> <span class='ocrx_word' id='word_1_186' title='bbox 1913 2064 2315 2138; x_wconf 82' lang='lat' dir='ltr'>supplemen-</span> 
     </span>
     <span class='ocr_line' id='line_1_23' title="bbox 341 2145 2313 2222; baseline 0.003 -18"><span class='ocrx_word' id='word_1_187' title='bbox 341 2153 470 2205; x_wconf 82' lang='lat' dir='ltr'>tum</span> <span class='ocrx_word' id='word_1_188' title='bbox 512 2145 783 2205; x_wconf 86' lang='lat' dir='ltr'>scribere</span> <span class='ocrx_word' id='word_1_189' title='bbox 825 2161 906 2206; x_wconf 87' lang='lat' dir='ltr'>ex</span> <span class='ocrx_word' id='word_1_190' title='bbox 945 2147 1088 2221; x_wconf 88' lang='lat' dir='ltr'>ipsa</span> <span class='ocrx_word' id='word_1_191' title='bbox 1127 2147 1473 2221; x_wconf 87' lang='lat' dir='ltr'>provincia,</span> <span class='ocrx_word' id='word_1_192' title='bbox 1526 2148 1580 2208; x_wconf 88' lang='lat' dir='ltr'>si</span> <span class='ocrx_word' id='word_1_193' title='bbox 1606 2147 1819 2220; x_wconf 87' lang='lat' dir='ltr'>vellet,</span> <span class='ocrx_word' id='word_1_194' title='bbox 1872 2146 2143 2222; x_wconf 88' lang='lat' dir='ltr'>peditum</span> <span class='ocrx_word' id='word_1_195' title='bbox 2172 2147 2313 2208; x_wconf 88' lang='lat' dir='ltr'>duo</span> 
     </span>
     <span class='ocr_line' id='line_1_24' title="bbox 341 2229 2312 2305; baseline -0.002 -12"><span class='ocrx_word' id='word_1_196' title='bbox 341 2229 508 2293; x_wconf 72' lang='lat' dir='ltr'>milia</span> <span class='ocrx_word' id='word_1_197' title='bbox 539 2236 601 2290; x_wconf 87' lang='lat' dir='ltr'>et</span> <span class='ocrx_word' id='word_1_198' title='bbox 627 2235 871 2290; x_wconf 86' lang='lat' dir='ltr'>centum</span> <span class='ocrx_word' id='word_1_199' title='bbox 901 2231 1161 2305; x_wconf 85' lang='lat' dir='ltr'>equites.</span> <span class='ocrx_word' id='word_1_200' title='bbox 1199 2230 1266 2290; x_wconf 89' lang='lat' dir='ltr'>P.</span> <span class='ocrx_word' id='word_1_201' title='bbox 1291 2231 1501 2294; x_wconf 87' lang='lat' dir='ltr'>lunius</span> <span class='ocrx_word' id='word_1_202' title='bbox 1520 2231 1747 2293; x_wconf 87' lang='lat' dir='ltr'>Brutus</span> <span class='ocrx_word' id='word_1_203' title='bbox 1774 2232 1837 2292; x_wconf 86' lang='lat' dir='ltr'>in</span> <span class='ocrx_word' id='word_1_204' title='bbox 1857 2231 2094 2292; x_wconf 84' lang='lat' dir='ltr'>Tuscos</span> <span class='ocrx_word' id='word_1_205' title='bbox 2124 2245 2312 2294; x_wconf 83' lang='lat' dir='ltr'>excr-</span> 
     </span>
     <span class='ocr_line' id='line_1_25' title="bbox 343 2312 2316 2388; baseline 0.002 -16"><span class='ocrx_word' id='word_1_206' title='bbox 343 2312 524 2372; x_wconf 87' lang='lat' dir='ltr'>citum</span> <span class='ocrx_word' id='word_1_207' title='bbox 553 2329 812 2388; x_wconf 88' lang='lat' dir='ltr'>novum,</span> <span class='ocrx_word' id='word_1_208' title='bbox 863 2315 1170 2388; x_wconf 81' lang='lat' dir='ltr'>legionem</span> <span class='ocrx_word' id='word_1_209' title='bbox 1206 2331 1393 2376; x_wconf 87' lang='lat' dir='ltr'>unam</span> <span class='ocrx_word' id='word_1_210' title='bbox 1418 2315 1753 2379; x_wconf 82' lang='lat' dir='ltr'>Romanam</span> <span class='ocrx_word' id='word_1_211' title='bbox 1796 2319 1859 2374; x_wconf 86' lang='lat' dir='ltr'>ct</span> <span class='ocrx_word' id='word_1_212' title='bbox 1884 2314 2095 2374; x_wconf 84' lang='lat' dir='ltr'>decem</span> <span class='ocrx_word' id='word_1_213' title='bbox 2135 2313 2316 2376; x_wconf 82' lang='lat' dir='ltr'>milia</span> 
     </span>
     <span class='ocr_line' id='line_1_26' title="bbox 343 2395 2313 2478; baseline 0.001 -23"><span class='ocrx_word' id='word_1_214' title='bbox 343 2395 582 2458; x_wconf 85' lang='lat' dir='ltr'>socium</span> <span class='ocrx_word' id='word_1_215' title='bbox 605 2413 678 2456; x_wconf 92' lang='lat' dir='ltr'>ac</span> <span class='ocrx_word' id='word_1_216' title='bbox 701 2397 896 2458; x_wconf 87' lang='lat' dir='ltr'>Latini</span> <span class='ocrx_word' id='word_1_217' title='bbox 921 2397 1184 2458; x_wconf 87' lang='lat' dir='ltr'>nominis</span> <span class='ocrx_word' id='word_1_218' title='bbox 1208 2399 1507 2472; x_wconf 86' lang='lat' dir='ltr'>scribere,</span> <span class='ocrx_word' id='word_1_219' title='bbox 1540 2405 1603 2460; x_wconf 88' lang='lat' dir='ltr'>et</span> <span class='ocrx_word' id='word_1_220' title='bbox 1620 2398 2101 2478; x_wconf 76' lang='lat' dir='ltr'>quadringentos</span> <span class='ocrx_word' id='word_1_221' title='bbox 2126 2400 2313 2474; x_wconf 89' lang='lat' dir='ltr'>cqui-</span> 
     </span>
     <span class='ocr_line' id='line_1_27' title="bbox 341 2478 2281 2558; baseline 0 -16"><span class='ocrx_word' id='word_1_222' title='bbox 341 2487 468 2548; x_wconf 77' lang='lat' dir='ltr'>tes;</span> <span class='ocrx_word' id='word_1_223' title='bbox 510 2479 577 2538; x_wconf 94' lang='lat' dir='ltr'>L.</span> <span class='ocrx_word' id='word_1_224' title='bbox 606 2478 934 2554; x_wconf 86' lang='lat' dir='ltr'>Aemilius,</span> <span class='ocrx_word' id='word_1_225' title='bbox 967 2481 1064 2542; x_wconf 87' lang='lat' dir='ltr'>cui</span> <span class='ocrx_word' id='word_1_226' title='bbox 1091 2482 1391 2544; x_wconf 85' lang='lat' dir='ltr'>maritima</span> <span class='ocrx_word' id='word_1_227' title='bbox 1419 2483 1738 2558; x_wconf 83' lang='lat' dir='ltr'>provincia</span> <span class='ocrx_word' id='word_1_228' title='bbox 1764 2488 1925 2556; x_wconf 87' lang='lat' dir='ltr'>erat,</span> <span class='ocrx_word' id='word_1_229' title='bbox 1952 2482 2161 2558; x_wconf 76' lang='lat' dir='ltr'>viginti</span> <span class='ocrx_word' id='word_1_230' title='bbox 2192 2497 2281 2542; x_wconf 89' lang='lat' dir='ltr'>na</span> 
     </span>
     <span class='ocr_line' id='line_1_28' title="bbox 340 2563 2301 2642; baseline 0.003 -21"><span class='ocrx_word' id='word_1_231' title='bbox 340 2575 454 2622; x_wconf 89' lang='lat' dir='ltr'>ves</span> <span class='ocrx_word' id='word_1_232' title='bbox 482 2563 701 2638; x_wconf 80' lang='lat' dir='ltr'>longas</span> <span class='ocrx_word' id='word_1_233' title='bbox 731 2571 793 2624; x_wconf 89' lang='lat' dir='ltr'>et</span> <span class='ocrx_word' id='word_1_234' title='bbox 821 2563 1032 2625; x_wconf 90' lang='lat' dir='ltr'>socios</span> <span class='ocrx_word' id='word_1_235' title='bbox 1057 2565 1297 2628; x_wconf 86' lang='lat' dir='ltr'>navalis</span> <span class='ocrx_word' id='word_1_236' title='bbox 1326 2584 1364 2626; x_wconf 92' lang='lat' dir='ltr'>a</span> <span class='ocrx_word' id='word_1_237' title='bbox 1389 2565 1471 2627; x_wconf 90' lang='lat' dir='ltr'>M.</span> <span class='ocrx_word' id='word_1_238' title='bbox 1500 2567 1673 2628; x_wconf 89' lang='lat' dir='ltr'>Iunio</span> <span class='ocrx_word' id='word_1_239' title='bbox 1704 2573 1991 2642; x_wconf 85' lang='lat' dir='ltr'>praetore</span> <span class='ocrx_word' id='word_1_240' title='bbox 2018 2565 2301 2642; x_wconf 87' lang='lat' dir='ltr'>superio·</span> 
     </span>
     <span class='ocr_line' id='line_1_29' title="bbox 339 2646 2307 2726; baseline 0.005 -24"><span class='ocrx_word' id='word_1_241' title='bbox 339 2646 426 2704; x_wconf 86' lang='lat' dir='ltr'>ris</span> <span class='ocrx_word' id='word_1_242' title='bbox 463 2647 608 2706; x_wconf 85' lang='lat' dir='ltr'>anni</span> <span class='ocrx_word' id='word_1_243' title='bbox 647 2647 931 2722; x_wconf 86' lang='lat' dir='ltr'>accipere</span> <span class='ocrx_word' id='word_1_244' title='bbox 979 2649 1218 2724; x_wconf 82' lang='lat' dir='ltr'>iussuS,</span> <span class='ocrx_word' id='word_1_245' title='bbox 1272 2657 1332 2726; x_wconf 74' lang='lat' dir='ltr'>et</span> <span class='ocrx_word' id='word_1_246' title='bbox 1370 2651 1642 2711; x_wconf 87' lang='lat' dir='ltr'>scribere</span> <span class='ocrx_word' id='word_1_247' title='bbox 1684 2651 1821 2726; x_wconf 82' lang='lat' dir='ltr'>ipse</span> <span class='ocrx_word' id='word_1_248' title='bbox 1859 2649 2023 2712; x_wconf 87' lang='lat' dir='ltr'>mille</span> <span class='ocrx_word' id='word_1_249' title='bbox 2061 2651 2307 2712; x_wconf 82' lang='lat' dir='ltr'>navalis</span> 
     </span>
     <span class='ocr_line' id='line_1_30' title="bbox 339 2727 2313 2808; baseline 0.005 -22"><span class='ocrx_word' id='word_1_250' title='bbox 339 2727 746 2803; x_wconf 85' lang='lat' dir='ltr'>socios,.duo</span> <span class='ocrx_word' id='word_1_251' title='bbox 775 2731 937 2790; x_wconf 89' lang='lat' dir='ltr'>milia</span> <span class='ocrx_word' id='word_1_252' title='bbox 964 2731 1267 2806; x_wconf 75' lang='lat' dir='ltr'>peditum3</span> <span class='ocrx_word' id='word_1_253' title='bbox 1316 2749 1454 2795; x_wconf 89' lang='lat' dir='ltr'>cum</span> <span class='ocrx_word' id='word_1_254' title='bbox 1491 2734 1567 2794; x_wconf 88' lang='lat' dir='ltr'>iis</span> <span class='ocrx_word' id='word_1_255' title='bbox 1596 2734 1857 2796; x_wconf 84' lang='lat' dir='ltr'>navibus</span> <span class='ocrx_word' id='word_1_256' title='bbox 1884 2733 2313 2808; x_wconf 86' lang='lat' dir='ltr'>militibusque</span> 
     </span>
     <span class='ocr_line' id='line_1_31' title="bbox 338 2811 2309 2894; baseline 0.005 -26"><span class='ocrx_word' id='word_1_257' title='bbox 338 2811 402 2868; x_wconf 85' lang='lat' dir='ltr'>in</span> <span class='ocrx_word' id='word_1_258' title='bbox 433 2812 646 2874; x_wconf 86' lang='lat' dir='ltr'>Asiam</span> <span class='ocrx_word' id='word_1_259' title='bbox 677 2812 1016 2890; x_wconf 87' lang='lat' dir='ltr'>proficisci,</span> <span class='ocrx_word' id='word_1_260' title='bbox 1047 2823 1109 2876; x_wconf 92' lang='lat' dir='ltr'>et</span> <span class='ocrx_word' id='word_1_261' title='bbox 1138 2818 1403 2880; x_wconf 86' lang='lat' dir='ltr'>classem</span> <span class='ocrx_word' id='word_1_262' title='bbox 1430 2834 1470 2878; x_wconf 89' lang='lat' dir='ltr'>a</span> <span class='ocrx_word' id='word_1_263' title='bbox 1499 2818 1560 2879; x_wconf 85' lang='lat' dir='ltr'>C.</span> <span class='ocrx_word' id='word_1_264' title='bbox 1590 2819 1761 2879; x_wconf 90' lang='lat' dir='ltr'>Livio</span> <span class='ocrx_word' id='word_1_265' title='bbox 1792 2816 2093 2894; x_wconf 87' lang='lat' dir='ltr'>accipere.</span> <span class='ocrx_word' id='word_1_266' title='bbox 2138 2815 2309 2878; x_wconf 87' lang='lat' dir='ltr'>duas</span> 
     </span>
     <span class='ocr_line' id='line_1_32' title="bbox 337 2892 2305 2978; baseline 0.004 -25"><span class='ocrx_word' id='word_1_267' title='bbox 337 2892 672 2970; x_wconf 84' lang='lat' dir='ltr'>Hispanias</span> <span class='ocrx_word' id='word_1_268' title='bbox 703 2895 1170 2974; x_wconf 86' lang='lat' dir='ltr'>Sardiniamque</span> <span class='ocrx_word' id='word_1_269' title='bbox 1211 2901 1623 2964; x_wconf 86' lang='lat' dir='ltr'>obtinentibus</span> <span class='ocrx_word' id='word_1_270' title='bbox 1655 2909 2053 2978; x_wconf 78' lang='lat' dir='ltr'>prorogatum</span> <span class='ocrx_word' id='word_1_271' title='bbox 2091 2903 2153 2962; x_wconf 89' lang='lat' dir='ltr'>in</span> <span class='ocrx_word' id='word_1_272' title='bbox 2190 2917 2305 2961; x_wconf 80' lang='lat' dir='ltr'>an·</span> 
     </span>
     <span class='ocr_line' id='line_1_33' title="bbox 339 2978 2303 3055; baseline 0.004 -18"><span class='ocrx_word' id='word_1_273' title='bbox 339 2993 484 3038; x_wconf 85' lang='lat' dir='ltr'>num</span> <span class='ocrx_word' id='word_1_274' title='bbox 512 2978 828 3055; x_wconf 85' lang='lat' dir='ltr'>imperium</span> <span class='ocrx_word' id='word_1_275' title='bbox 859 2989 954 3045; x_wconf 88' lang='lat' dir='ltr'>est</span> <span class='ocrx_word' id='word_1_276' title='bbox 981 2989 1042 3044; x_wconf 89' lang='lat' dir='ltr'>et</span> <span class='ocrx_word' id='word_1_277' title='bbox 1068 2982 1231 3043; x_wconf 86' lang='lat' dir='ltr'>idem</span> <span class='ocrx_word' id='word_1_278' title='bbox 1260 2985 1569 3047; x_wconf 82' lang='lat' dir='ltr'>exercitus</span> <span class='ocrx_word' id='word_1_279' title='bbox 1594 2985 1841 3048; x_wconf 85' lang='lat' dir='ltr'>decreti.</span> <span class='ocrx_word' id='word_1_280' title='bbox 1888 2984 2130 3048; x_wconf 86' lang='lat' dir='ltr'>Siciliae</span> <span class='ocrx_word' id='word_1_281' title='bbox 2150 2982 2303 3044; x_wconf 85' lang='lat' dir='ltr'>Sar·</span> 
     </span>
     <span class='ocr_line' id='line_1_34' title="bbox 339 3063 2305 3144; baseline 0.001 -23"><span class='ocrx_word' id='word_1_282' title='bbox 339 3063 668 3138; x_wconf 85' lang='lat' dir='ltr'>diniaeque</span> <span class='ocrx_word' id='word_1_283' title='bbox 706 3065 888 3124; x_wconf 89' lang='lat' dir='ltr'>binae</span> <span class='ocrx_word' id='word_1_284' title='bbox 930 3081 1006 3126; x_wconf 88' lang='lat' dir='ltr'>eo</span> <span class='ocrx_word' id='word_1_285' title='bbox 1048 3081 1209 3128; x_wconf 88' lang='lat' dir='ltr'>anno</span> <span class='ocrx_word' id='word_1_286' title='bbox 1261 3068 1559 3132; x_wconf 84' lang='lat' dir='ltr'>decumae</span> <span class='ocrx_word' id='word_1_287' title='bbox 1608 3069 1891 3130; x_wconf 83' lang='lat' dir='ltr'>frumenti</span> <span class='ocrx_word' id='word_1_288' title='bbox 1934 3070 2305 3144; x_wconf 81' lang='lat' dir='ltr'>imperatae=</span> 
     </span>
     <span class='ocr_line' id='line_1_35' title="bbox 339 3143 2307 3224; baseline 0.003 -20"><span class='ocrx_word' id='word_1_289' title='bbox 339 3143 611 3209; x_wconf 84' lang='lat' dir='ltr'>Siculum</span> <span class='ocrx_word' id='word_1_290' title='bbox 639 3163 821 3208; x_wconf 87' lang='lat' dir='ltr'>omne</span> <span class='ocrx_word' id='word_1_291' title='bbox 851 3150 1214 3210; x_wconf 85' lang='lat' dir='ltr'>frumentum</span> <span class='ocrx_word' id='word_1_292' title='bbox 1241 3151 1303 3210; x_wconf 86' lang='lat' dir='ltr'>in</span> <span class='ocrx_word' id='word_1_293' title='bbox 1332 3152 1630 3213; x_wconf 86' lang='lat' dir='ltr'>Aetoliam</span> <span class='ocrx_word' id='word_1_294' title='bbox 1674 3153 1754 3212; x_wconf 89' lang='lat' dir='ltr'>ad</span> <span class='ocrx_word' id='word_1_295' title='bbox 1789 3153 2121 3214; x_wconf 85' lang='lat' dir='ltr'>exercitum</span> <span class='ocrx_word' id='word_1_296' title='bbox 2152 3167 2307 3224; x_wconf 88' lang='lat' dir='ltr'>por-</span> 
     </span>
     <span class='ocr_line' id='line_1_36' title="bbox 336 3229 2295 3313; baseline 0.004 -28"><span class='ocrx_word' id='word_1_297' title='bbox 336 3229 450 3288; x_wconf 86' lang='lat' dir='ltr'>tari</span> <span class='ocrx_word' id='word_1_298' title='bbox 479 3229 745 3302; x_wconf 74' lang='lat' dir='ltr'>iussum3</span> <span class='ocrx_word' id='word_1_299' title='bbox 791 3247 869 3291; x_wconf 88' lang='lat' dir='ltr'>ex</span> <span class='ocrx_word' id='word_1_300' title='bbox 897 3230 1180 3293; x_wconf 88' lang='lat' dir='ltr'>Sardinia</span> <span class='ocrx_word' id='word_1_301' title='bbox 1222 3251 1371 3310; x_wconf 92' lang='lat' dir='ltr'>pars</span> <span class='ocrx_word' id='word_1_302' title='bbox 1399 3235 1655 3297; x_wconf 87' lang='lat' dir='ltr'>Romam</span> <span class='ocrx_word' id='word_1_303' title='bbox 1698 3251 1842 3310; x_wconf 84' lang='lat' dir='ltr'>pars</span> <span class='ocrx_word' id='word_1_304' title='bbox 1882 3236 1943 3296; x_wconf 88' lang='lat' dir='ltr'>in</span> <span class='ocrx_word' id='word_1_305' title='bbox 1975 3233 2295 3313; x_wconf 65' lang='lat' dir='ltr'>Aetoliam,</span> 
     </span>
     <span class='ocr_line' id='line_1_37' title="bbox 329 3311 1032 3389; baseline 0.006 -19"><span class='ocrx_word' id='word_1_306' title='bbox 329 3311 558 3372; x_wconf 86' lang='lat' dir='ltr'>eodem</span> <span class='ocrx_word' id='word_1_307' title='bbox 587 3331 710 3389; x_wconf 93' lang='lat' dir='ltr'>quo</span> <span class='ocrx_word' id='word_1_308' title='bbox 741 3312 1032 3376; x_wconf 84' lang='lat' dir='ltr'>Siculum.</span> 
     </span>
    </p>

    <p class='ocr_par' dir='ltr' id='par_1_3' title="bbox 332 3396 2314 3562">
     <span class='ocr_line' id='line_1_38' title="bbox 501 3396 2314 3479; baseline 0.004 -25"><span class='ocrx_word' id='word_1_309' title='bbox 501 3396 603 3455; x_wconf 87' lang='lat'>111.</span> <span class='ocrx_word' id='word_1_310' title='bbox 642 3396 1006 3472; x_wconf 88' lang='lat' dir='ltr'>Priusquam</span> <span class='ocrx_word' id='word_1_311' title='bbox 1039 3402 1330 3462; x_wconf 88' lang='lat' dir='ltr'>consules</span> <span class='ocrx_word' id='word_1_312' title='bbox 1359 3403 1421 3462; x_wconf 86' lang='lat' dir='ltr'>in</span> <span class='ocrx_word' id='word_1_313' title='bbox 1451 3403 1801 3479; x_wconf 78' lang='lat' dir='ltr'>provincias</span> <span class='ocrx_word' id='word_1_314' title='bbox 1824 3408 2314 3478; x_wconf 79' lang='lat' dir='ltr'>pronc1sceren·</span> 
     </span>
     <span class='ocr_line' id='line_1_39' title="bbox 332 3478 2309 3562; baseline 0.005 -26"><span class='ocrx_word' id='word_1_315' title='bbox 332 3483 458 3552; x_wconf 85' lang='lat' dir='ltr'>tur,</span> <span class='ocrx_word' id='word_1_316' title='bbox 490 3478 772 3552; x_wconf 81' lang='lat' dir='ltr'>prodigia</span> <span class='ocrx_word' id='word_1_317' title='bbox 799 3495 914 3554; x_wconf 88' lang='lat' dir='ltr'>per</span> <span class='ocrx_word' id='word_1_318' title='bbox 941 3484 1266 3556; x_wconf 79' lang='lat' dir='ltr'>pontifices</span> <span class='ocrx_word' id='word_1_319' title='bbox 1298 3487 1617 3560; x_wconf 86' lang='lat' dir='ltr'>procurari</span> <span class='ocrx_word' id='word_1_320' title='bbox 1645 3486 1895 3562; x_wconf 81' lang='lat' dir='ltr'>placuit.</span> <span class='ocrx_word' id='word_1_321' title='bbox 1936 3486 2167 3548; x_wconf 84' lang='lat' dir='ltr'>Romae</span> <span class='ocrx_word' id='word_1_322' title='bbox 2196 3482 2309 3546; x_wconf 81' lang='lat' dir='ltr'>Iu-</span> 
     </span>
    </p>
   </div>
  </div>
 </body>
</html>
