2548 3950
313 176 451 240 344
574 178 805 239 ussa
830 176 1153 237 xxxvm.
1200 144 1366 237 c'AP.
1397 184 1485 239 28.
1509 184 1601 239 29.
1644 182 1717 251 [a.
1745 181 1817 234 u.
1841 199 1888 234 ο.
1909 182 2036 249 ssa]

318 330 536 391 vinciis
565 329 928 407 tranquillae
953 344 1056 389 res
1088 328 1349 389 ruerant·
1411 342 1704 393 censores
1735 327 1969 390 Romae
1995 328 2061 387 T.
2095 326 2288 402 Quin-

316 415 473 475 ctius
500 414 877 475 Flamininus
906 421 969 474 et
991 412 1073 476 M.
1100 410 1388 472 Claudius
1415 410 1744 471 Marcellus
1773 418 2050 485 senatum
2083 414 2288 489 perle-

317 505 553 574 gerunt.
615 497 905 573 princeps
947 496 1006 556 in
1038 503 1261 555 senam
1286 493 1530 558 tertiam
1557 496 1758 557 metas
1780 492 1844 552 P.
1879 482 2090 569 Scipio
2119 498 2287 556 Atri-

316 598 530 643 eaaus.
602 586 887 657 quattuor
930 578 1053 641 soli.
1089 577 1400 655 praeteriti
1439 584 1612 650 sunt,
1663 594 1849 639 nemo
1889 580 2084 639 eut-uli
2126 596 2288 641 usus

316 665 572 727 honore.
604 670 669 725 et
686 664 748 723 in
770 664 1047 738 equitatu
1062 662 1455 725 recensendo
1475 660 1638 723 mitis
1661 662 1992 725 admodum
2015 676 2290 726 censius

314 750 442 809 suit.
511 746 1027 810 substructionem
1068 761 1261 823 super
1286 744 1778 821 Aequimaelium
1803 746 1862 805 in
1895 743 2194 821 Capitolio
2223 754 2290 807 et

312 832 477 893 viam
514 831 689 893 silice
717 830 1108 892 sternendam
1138 846 1179 889 a
1204 835 1384 905 porta
1414 829 1658 905 Capena
1686 829 1764 890 ad
1793 829 2006 891 Martis
2035 830 2286 892 locave-

312 923 472 977 runt.
539 914 859 989 campani,
900 914 1007 975 ubi
1036 922 1458 988 censerentur,
1501 921 1785 975 senatum
1810 914 2283 977 consulueruntz

312 1000 625 1061 decretum
654 1000 741 1061 ati
762 999 995 1061 Romae
1025 1004 1438 1059 censerentur.
1481 1012 1687 1072 aquae
1711 998 1990 1072 ingentes
2015 1012 2094 1058 eo
2113 1012 2288 1060 anno

313 1084 592 1153 fuerunt3.
638 1082 871 1143 Tiberis
913 1081 1298 1143 duodeciens
1336 1096 1620 1156 eampum
1646 1080 1927 1147 Martium
1971 1080 2286 1155 planaque

310 1165 487 1227 urbia
512 1167 865 1228 inundavit:

480 1249 584 1313 Ab
612 1249 717 1311 Cn.
744 1248 973 1309 Manlio
1006 1251 1261 1311 consule
1288 1249 1450 1309 bello
1483 1248 1541 1309 in
1572 1248 1728 1310 Asia
1755 1262 1891 1309 cum
1923 1248 2111 1309 Gallis
2142 1263 2286 1324 per-

312 1335 494 1409 feeto,
519 1335 672 1395 alter
694 1334 913 1395 consul
934 1332 1285 1396 MFulvius
1299 1331 1661 1409 perdomitis
1675 1330 1921 1395 Aetolis
1937 1345 2080 1393 cum
2101 1332 2282 1395 traie-

314 1418 505 1478 cisset
537 1418 595 1478 in
629 1416 1111 1493 Cephalleniam,
1150 1416 1318 1477 cirea
1361 1413 1639 1481 civitates
1680 1413 1920 1475 insulae
1946 1415 2112 1477 misit
2139 1430 2282 1491 per-

315 1509 693 1575 cunctatum,
736 1508 941 1562 utrum
982 1516 1055 1560 se
1096 1500 1327 1561 dedere
1353 1496 1654 1561 Romanis
1693 1514 1772 1557 an
1799 1496 1948 1561 belli
1975 1497 2286 1561 fortunam

312 1584 581 1660 experiri
622 1584 885 1647 mallent.
951 1592 1151 1645 metus
1182 1583 1265 1643 ad
1293 1597 1510 1644 omnes
1538 1581 1756 1655 valuit,
1796 1598 1876 1643 ne
1905 1580 2286 1643 deditionem

309 1675 689 1729 recusarent.
734 1666 989 1729 obsides
1011 1666 1156 1729 inde
1177 1665 1519 1741 imperatos
1538 1681 1658 1741 pro
1676 1664 1910 1727 viribus
1935 1664 2143 1747 inopis
2167 1682 2283 1741 po-

313 1750 445 1826 puli
475 1749 733 1811 vicenos
760 1748 1051 1811 Nasiotas
1075 1748 1280 1815 ,Cranii
1309 1758 1371 1813 et
1397 1750 1694 1811 Palenses
1725 1756 1786 1811 et
1815 1747 2061 1811 Samaei
2089 1749 2283 1811 dede-

308 1842 471 1894 runt.
501 1831 832 1930 ‘insperata
861 1848 985 1909 pax
1012 1831 1442 1907 cephalleniae
1471 1832 1826 1906 adfulserat,
1857 1848 1997 1896 cum
2023 1840 2286 1909 repente

308 1934 433 1980 una
464 1914 715 1992 civitas,
754 1914 1053 1979 incertum
1086 1932 1269 1992 quam
1300 1917 1383 1980 ob
1412 1931 1691 1992 eausam,
1723 1913 1970 1980 Samaei
1997 1916 2282 1980 descive-

306 2008 467 2062 runt.
519 2001 665 2078 quia
695 2008 1047 2077 opportuno
1077 2001 1219 2062 loco
1247 2001 1396 2064 urbs
1428 1999 1640 2077 posita
1661 2009 1861 2075 esset,
1901 1999 2184 2064 timuisse
2211 2017 2288 2062 se

308 2084 585 2159 aiebam,
629 2101 711 2145 ne
737 2084 1079 2160 demigrare
1118 2091 1488 2160 cogerentur
1515 2085 1594 2148 ab
1621 2083 1938 2148 Romanis.
2005 2093 2286 2148 ceterum

306 2167 513 2244 ipsine
554 2166 675 2230 sibi
722 2185 867 2230 eum
902 2167 1192 2232 finxerint
1219 2176 1446 2230 metum
1474 2176 1541 2230 et
1563 2167 1782 2232 timore
1810 2185 1972 2232 vano
2004 2168 2288 2244 quietum

310 2251 715 2314 excitaverint
752 2254 1008 2329 malum,
1050 2269 1127 2313 an
1156 2251 1384 2316 iactata
1409 2253 1798 2316 sermonibus
1825 2267 1930 2314 res
1957 2253 2126 2328 apud
2151 2251 2286 2316 Ro—

308 2351 529 2398 manos
567 2337 803 2412 perlata
843 2337 925 2398 ad
964 2353 1077 2398 eos
1121 2335 1228 2409 sit,
1272 2335 1423 2397 nihil
1464 2335 1763 2412 comperti
1791 2343 1915 2409 est,
1954 2334 2080 2398 nisi-
2107 2337 2284 2412 quod

308 2420 469 2481 datis
497 2418 621 2480 iam
648 2418 972 2483 obsidibus
1001 2429 1257 2496 repente
1287 2428 1500 2496 portas
1527 2423 1896 2492 clausarum,
1927 2429 1991 2482 et
2017 2435 2098 2482 ne
2133 2435 2284 2484 suo·-

306 2519 441 2564 rum
484 2502 733 2580 quidem
777 2503 1067 2579 precibu-s
1088 2536 1176 2550 --
1198 2503 1450 2568 miserat
1477 2504 1639 2566 enim
1670 2505 1788 2566 sub
1815 2519 2026 2566 muros
2055 2505 2282 2565 consul

306 2589 387 2648 ad
415 2589 831 2663 temptandam
871 2587 1356 2652 misericordiam
1385 2587 1729 2664 parentium
1756 2584 2282 2664 populariumque

304 2701 392 2716 —-
422 2671 724 2734 desistere
760 2673 861 2732 'ab
910 2671 1163 2748 incepto
1209 2673 1552 2735 voluerunt.
1627 2670 1977 2748 oppugnari
2028 2670 2282 2744 deinde,

308 2761 639 2830 postquam
689 2752 839 2816 nihil
889 2754 1092 2831 pacati
1130 2756 1657 2831 respondebatur,
1707 2763 1934 2831 coepm
1971 2753 2121 2816 urbs
2162 2762 2283 2816 est.

306 2843 671 2913 appara-tum
720 2851 964 2900 omnem
1007 2846 1447 2901 tormentorum
1489 2839 2036 2914 machinarumque
2074 2845 2278 2900 trave-

307 2928 469 2982 ctum
496 2921 577 2981 ab
596 2919 964 2982 Ambraciae
986 2921 1451 2999 oppugnatione
1475 2923 1771 2992 habebam
1815 2930 1878 2984 et
1899 2939 2094 2997 opera
2117 2936 2278 2997 quae

306 3004 589 3067 facienda
616 3013 806 3079 erant,
838 3004 1097 3082 impigre
1126 3004 1350 3068 milites
1372 3009 1782 3083 perfecerunt.
1828 3007 2072 3067 duobus
2097 3004 2280 3081 igitur

306 3088 460 3150 locis
489 3088 718 3150 admoti
747 3088 972 3151 arietes
1005 3089 1361 3166 quatiebant
1388 3106 1618 3154 muros.
1669 3090 1878 3170 XXIX.
1901 3105 2028 3152 uec
2055 3089 2136 3152 ab
2165 3087 2275 3152 Sa·

306 3171 499 3233 maeis
544 3173 875 3247 quicquam
918 3190 1041 3248 quo
1085 3182 1193 3254 aut
1232 3191 1426 3251 opera
1463 3182 1571 3237 aut
1601 3174 1799 3237 hostis
1827 3172 2024 3236 arceri
2055 3173 2276 3249 possit,

309 3255 807 3329 praetermissum
858 3265 971 3318 est.
1044 3259 1290 3322 duabus
1336 3266 1536 3320 tamen
1572 3259 1852 3322 maxime
1901 3256 2276 3320 resistebant

304 3339 517 3412 rebuS,
560 3355 719 3415 una,
759 3338 1109 3404 interiorem
1148 3358 1397 3418 semper
1425 3343 1594 3406 iuxta
1621 3343 1894 3404 validum
1924 3357 2038 3416 pro
2071 3341 2274 3400 diruto

304 3437 531 3481 novum
574 3424 963 3486 obstruentes
1002 3440 1270 3501 murum,
1315 3427 1536 3502 altera,
1577 3425 2008 3504 eruptionibus
2051 3420 2271 3485 subitis
